4745 7357
1048 791 1253 851 Annus
1319 792 1686 865 commoda
1722 788 2009 884 speranti
2038 842 2061 877 ‚
2105 788 2175 858 in
2209 809 2346 880 quo
2365 785 2593 876 prosa-

1060 887 1238 955 ¹379·

1321 626 1451 759 36

1315 897 1497 985 piam
1526 893 1707 962 suam
1750 892 2026 964 stabilire
2059 941 2083 974 ,
2112 886 2588 960 vehementissi-

2252 594 2678 752 Hijiort'a
2707 612 2823 726 de
2854 615 3237 765 Zl1aegn0

2727 790 3014 860 Proinde
3040 791 3453 863 ornamentis
3488 786 3999 864 Pontificialibus
4090 798 4298 862 Annus

2724 891 2989 961 indutus
3008 891 3371 976 3thronum
3402 892 3785 963 conscendit
3797 947 3818 978 ,
3834 915 3993 983 por·
4102 895 4294 967 1379·

1313 990 1427 1064 me
1445 992 1775 1084 cupiebat.
1877 988 2005 1059 Sed
2020 992 2169 1080 quia
2196 986 2593 1058 solertissima
2727 1004 2828 1060 tas
2864 1012 3100 1062 omnes
3151 994 3388 1085 aperiri
3431 990 3588 1081 juffit
3621 1044 3644 1077 ,
3678 994 3746 1061 ὃ(
3774 996 3856 1062 ad
3888 994 3961 1062 fu
3981 1035 4010 1054 -

1311 1092 1563 1184 Regina
1590 1093 1944 1184 negotium
1966 1089 2097 1159 hoc
2125 1110 2267 1158 non
2298 1090 2434 1158 alio
2459 1086 2588 1157 fine

1312 1190 1633 1262 tractabat
1647 1247 1669 1278 ,
1692 1188 1893 1283 quam
1908 1205 1983 1259 ιιι
2009 1187 2381 1281 suspensum
2401 1203 2588 1257 tene·

1308 1308 1411 1363 ret
1441 1289 1829 1377 Urbanum,
1857 1287 2416 1379 &Neapolitanos
2432 1307 2587 1354 mo·

1306 1407 1564 1463 raretur
1592 1446 1617 1478 ,
1663 1390 2021 1479 usquedum
2058 1387 2360 1477 Princeps
2398 1384 2583 1454 Otho

1307 1490 1595 1562 Maritus
1626 1543 1649 1576 ,
1687 1492 1908 1581 copias
1941 1486 2408 1572 Germanias,
2439 1507 2588 1577 quae

1305 1593 1381 1661 in
1408 1592 1642 1660 vicinia
1672 1588 1986 1677 Neapolis
2017 1585 2584 1675 degebant,colli·

1301 1706 1495 1780 geret
1522 1713 1545 1773 3
1580 1683 1867 1775 ideoque
1880 1686 2012 1756 boc
2030 1682 2216 1755 facto
2232 1740 2255 1773 ,
2276 1706 2439 1756 mox
2455 1683 2583 1753 Le-

1296 1805 1493 1878 gatos
1534 1788 1687 1857 suos
1733 1784 1951 1857 Roma
1992 1784 2251 1857 infecte>
2300 1779 2582 1876 negotio

1288 1889 1664 1973 revocavit,
1689 1887 1760 1957 ἀ
1792 1890 1937 1977 post
1953 1907 2200 1976 pancos
2242 1887 2380 1955 dies
2397 1886 2581 1954 Prin-

1291 2007 1450 2078 ceps
1469 2010 1626 2057 cum
1656 1990 1982 2056 veteranis
2022 1984 2377 2055 Germanis
2407 1982 2581 2054 Nea-

1291 2087 1511 2178 polim
1525 2087 1791 2156 intravit
1805 2138 1826 2169 ,
1852 2082 2152 2158 Rebelles
2178 2083 2402 2154 obruit
2419 2138 2442 2169 ,
2459 2088 2580 2155 sta-

1293 2188 1795 2256 tionesillorum
1814 2185 2077 2255 domuit
2093 2238 2119 2270 ,
2148 2186 2216 2252 ἀ
2230 2183 2581 2273 postquam

1294 2288 1365 2355 in
1395 2284 1684 2377 pluribus
1713 2284 2200 2355 velitationibus
2224 2286 2436 2374 magis
2454 2281 2579 2352 ob-

1288 2388 1558 2458 stinatos
1589 2386 1946 2475 pervicacis
1966 2383 2175 2475 plebis
2200 2381 2577 2468 caecidiffet,

1292 2486 1583 2576 reliquos
1603 2505 1841 2553 omnes
1870 2486 1952 2553 ad
1968 2481 2493 2553 submittendum
2512 2481 2579 2551 se

1288 2580 1565 2675 Reginae
1595 2586 1955 2668 mandatis,
1983 2586 2205 2672 coe'git
2243 2607 2267 2667 3
2306 2580 2482 2652 adeo
2504 2596 2577 2651 ut

1294 2689 1500 2754 etiam
1556 2682 1699 2774 passi
1727 2681 1978 2752 fuerint
2059 2682 2575 2751 demolitionem

1290 2783 1521 2873 Palatii
1542 2834 1563 2867 ,
1589 2781 2146 2873 Archi-Episcopi
2175 2779 2255 2850 ab
2296 2777 2572 2849 Urbano

1215 2932 1219 2941 -
1293 2885 1665 2966 nominati,
1695 2904 1902 2969 quem
1929 2882 2220 2972 populus
2251 2877 2439 2948 initis)
2471 2895 2574 2948 tu·

981 5236 1157 5303 (αὖοι.
1180 5240 1238 5297 in

980 5322 1219 5399 Cosmod.

981 5427 1060 5468 nr.
1082 5414 1139 5465 6.
1176 5430 1220 5469 e.

985 5504 1093 5566 78·

1292 2981 1539 3051 multus
1559 2985 1629 3053 in
1651 2981 2035 3071 despectum
2053 2983 2315 3067 Regina
2336 2978 2425 3047 ibi
2453 2980 2573 3047 sta·-

1288 3076 1525 3151 bilivit.
1629 3081 1822 3150 Adeo
1873 3103 2112 3171 parum
2168 3085 2238 3150 in
2273 3075 2569 3148 motibus

1285 3180 1624 3272 populiest
1645 3181 2113 3252 confidendum
2131 3233 2155 3264 ,
2184 3182 2300 3269 qui
2329 3177 2410 3246 ab
2432 3199 2568 3246 uno

1290 3296 1597 3348 extremo
1625 3273 1817 3348 facile
1847 3283 2092 3369 migrat
2134 3282 2206 3348 in
2235 3279 2515 3347 alterum
2546 3328 2570 3362 ,

1285 3395 1493 3471 prout
1520 3378 1784 3449 diversae
1803 3381 2111 3469 paffiones
2128 3432 2150 3464 ,
2187 3376 2415 3466 quibus
2434 3378 2569 3462 agi-

1285 3495 1507 3564 tatur,
1543 3499 1699 3547 eum
1742 3477 2139 3567 impellunt,
2166 3474 2252 3546 ita
2300 3493 2374 3545 ut
2408 3476 2573 3547 nihil

1289 3580 1507 3667 magis
1522 3575 1750 3647 securt‘i
1770 3577 1878 3646 vel
1902 3573 2150 3647 constis
2164 3575 2242 3644 ab
2259 3598 2348 3644 eo
2366 3574 2570 3663 quam

1286 3675 1514 3749 le'vitas
1531 3681 1597 3748 ὃ(
1615 3677 1996 3747 inct’istantia
2006 3676 2191 3769 potiit
2207 3677 2567 3765 expectari.

1388 3775 1549 3847 Hoc
1592 3777 1801 3866 ipsum
1828 3773 2061 3847 Romae
2098 3774 2407 3845 Urbanus
2454 3797 2570 3847 ex·-

1285 3879 1492 3969 periri
1523 3874 1746 3946 debuit
1769 3878 2045 3960 ,eodem
2060 3874 2271 3946 ferme
2304 3893 2569 3966 tempo-

1286 3998 1406 4063 re,
1436 3974 1578 4066 quo
1605 3976 1895 4065 Neapoli
1933 3977 2183 4062 Regina
2225 3973 2569 4044 infestaba-

1283 4092 1415 4145 tur.
1516 4070 1697 4144 ctum
1719 4077 1988 4145 enimin
2010 4074 2445 4164 prosperitate
2469 4096 2572 4143 re-

1266 4196 1441 4245 -rum
1467 4173 1839 4261 suarum,ex
1863 4176 2039 4243 elato
2076 4175 2140 4242 ἀ
2159 4173 2386 4245 severo
2401 4175 2571 4243 sem-

1285 4297 1411 4368 per
1438 4291 1828 4368 operaretur
1859 4277 2133 4363 ingenio
2156 4328 2179 4359 ,
2208 4276 2393 4363 quod
2429 4294 2574 4344 non

1290 4374 1616 4446 arridebat
1646 4372 1968 4445 Romanis
2000 4400 2022 4459 3
2071 4374 2142 4443 ἀ
2159 4374 2427 4444 aliunde
2455 4394 2573 4442 co-

1250 4501 1269 4514 2
1292 4477 1417 4563 piae
1431 4475 1745 4565 Principis
1762 4474 2050 4544 Othonis
2072 4524 2094 4557 ,
2109 4476 2256 4564 post
2275 4472 2573 4541 sedatum

1293 4569 1582 4664 Neapoli
1629 4575 1987 4642 tumultum
2010 4629 2032 4662 ,
2068 4595 2343 4663 magnas
2375 4570 2574 4660 usque

1294 4675 1377 4740 ad
1412 4674 1709 4763 ipsorum
1762 4689 1981 4762 portas
2029 4670 2372 4762 causabant
2426 4673 2577 4740 stra-

1295 4795 1411 4864 ges
1439 4794 1461 4853 3
1522 4789 1757 4840 contra
1807 4772 2029 4861 ipsum
2085 4772 2580 4840 insurrexerunt

1293 4872 1684 4943 Pontificem
1704 4923 1723 4953 ,
1740 4892 1939 4961 quem
1963 4872 2224 4939 suarum
2248 4872 2576 4939 calamita-

1293 4987 1439 5041 tum
1466 4970 1824 5040 authorem
1853 4968 2206 5040 credebant
2227 5024 2248 5055 ,
2288 4972 2355 5039 ἀ
2397 4977 2578 5060 cnjus

1294 5075 1549 5163 copiae,
1579 5071 1848 5139 defedtu
1879 5071 2364 5160 stipendiorum
2383 5122 2404 5153 ,
2435 5072 2580 5159 post

1290 5173 1642 5241 victoriam
1664 5224 1687 5257 ,
1719 5171 1956 5241 vexilla
1984 5168 2366 5241 deserebant
2384 5222 2404 5252 ,
2430 5167 2579 5238 imo

1294 5269 1630 5341 tentabant
1698 5266 1968 5341 veneno
2027 5273 2221 5340 illum
2281 5269 2519 5337 tollere
2555 5290 2579 5353 3

1299 5372 1482 5464 quod
1500 5369 1787 5440 terribile
1807 5385 2205 5440 attentatum
2226 5424 2246 5453 ,
2266 5361 2419 5437 cum
2437 5389 2579 5436 non

1294 5467 1695 5554 snccessiffet,
1721 5473 1951 5539 armati
1993 5470 2315 5540 Palatium
2353 5471 2577 5537 cinxe-

1296 5588 1473 5643 runt.
1574 5570 1707 5640 Sed
1736 5568 2040 5639 Pontifex
2075 5622 2097 5655 ,
2135 5563 2416 5639 minime
2449 5584 2576 5638 ter-

1296 5676 1460 5743 ritus
1478 5728 1501 5756 ,
1515 5665 1696 5739 illico
1714 5672 1920 5738 statuit
1940 5669 2057 5739 hac
2083 5670 2425 5738 occafione
2441 5668 2573 5738 Bo-

1293 5766 2230 5853 nifaciumV111.imitari,dum
2259 5768 2580 5859 Anagnia:

1301 5870 1342 5940 a
1373 5866 1917 5940 Columnenstbus
1937 5869 2187 5941 invasus
2217 5923 2239 5954 ,
2255 5890 2412 5939 cum
2438 5869 2584 5937 infi-

1304 5969 1541 6061 fluibus
1576 5969 1706 6039 finae
1753 5970 2084 6061 dignitatis
2140 5973 2319 6039 moti
2350 5969 2582 6037 voluit.

2720 1092 2927 1160 tiosos
2955 1090 3279 1162 invasores
3309 1145 3329 1176 ,
3374 1093 3486 1180 qui
3517 1092 3820 1162 extractis
3853 1097 3997 1184 gla-

2725 1189 2850 1282 dijs
2915 1194 3151 1261 armati
3209 1192 3548 1261 turmatim
3620 1191 3949 1263 intrabant
3969 1246 3996 1278 ,

2718 1291 3114 1376 conversus,
3164 1285 3521 1361 breviffime
3561 1291 3707 1360 illos
3742 1291 3993 1383 repres-

2715 1388 2787 1457 fit
2827 1444 2850 1477 ,
2909 1392 2979 1459 dt
3008 1391 3183 1460 aliud
3218 1390 3384 1459 nihil
3415 1394 3674 1476 agendo
3713 1446 3735 1477 ,
3772 1387 3990 1462 solum
4087 1400 4094 1405 ’

2713 1490 2782 1558 in
2798 1507 2968 1559 tono
2987 1494 3319 1582 majestate
3340 1492 3573 1580 plene,
3589 1493 3770 1576 dixit,
3801 1491 3992 1581 quod

2711 1589 2910 1677 JEsus
2926 1587 3210 1659 Christus
3234 1590 3315 1657 ad
3333 1590 3367 1674 J
3375 1592 3587 1658 udaeos
3607 1614 3757 1660 eum
3784 1595 3992 1659 inter-

2712 1707 3022 1779 cepturos
3059 1713 3082 1755 .·
3131 1688 3339 1780 Qun
3378 1687 3640 1778 queritis
3679 1696 3712 1755 ,θ
3779 1691 3989 1784 Qod

2711 1790 2962 1858 dictum
2982 1840 3003 1873 ,
3035 1784 3210 1857 adeo
3237 1788 3392 1854 illos
3422 1793 3745 1858 attonitos
3769 1784 3991 1860 reddi·

2711 1886 2844 1972 dit,
2872 1889 2940 1957 ὅ(
2975 1903 3230 1957 tantum
3262 1903 3590 1957 terrorem
3614 1891 3850 1958 animis
3882 1892 3986 1958 in-

2707 1989 2880 2057 cussit
2900 2041 2922 2074 ,
2938 2004 3009 2057 ut
3026 1989 3234 2055 oculis
3249 1985 3543 2071 demissis,
3565 1988 3738 2077 quast
3763 1989 3991 2078 splen-

2707 2090 2947 2157 dorem
2982 2088 3286 2156 humano·
3329 2090 3659 2177 majorem
3701 2104 3839 2159 tam
3885 2086 3986 2156 su-

2707 2185 2925 2257 blimis
2946 2186 3300 2276 Maiestatis
3316 2185 3490 2255 ferre
3509 2210 3549 2255 n
3561 2208 3652 2256 on
3668 2188 3988 2273 valerent,

2704 2309 2861 2356 cum
2887 2285 3148 2376 pudore
3175 2287 3245 2355 dt
3274 2285 3554 2358 horrore
3578 2286 3673 2356 sui
3705 2303 3984 2357 attenta-

2704 2388 2757 2455 ti
2786 2384 3184 2455 recefferint.
3282 2388 3368 2455 Et
3400 2387 3544 2477 post
3572 2384 3770 2455 breve
3808 2403 3980 2456 tem·
4026 2400 4199 2475 Rq«)

2702 2508 2866 2577 pus,
2918 2484 3417 2577 interpolitione
3462 2483 3788 2577 praecipue
3823 2484 3982 2554 San·
4032 2486 4226 2558 07⁸?ss

2702 2585 2823 2653 ἂι
2839 2582 3203 2653 Catharinae
3224 2582 3538 2672 Senenfis,
3570 2609 3711 2674 quae
3731 2582 3846 2654 haic
3865 2609 3982 2655 oc·
4027 2571 4207 2625 1628.
4238 2662 4244 2669 ‚

2702 2683 2954 2752 catione
2997 2700 3308 2775 potenter
3332 2687 3507 2774 apud
3553 2682 3839 2755 DEUM
3868 2685 3974 2754 su·
4024 2648 4275 2803 {aba}

2699 2784 2756 2851 is
2777 2780 3118 2874 precibus,
3148 2785 3216 2853 dr.
3250 2783 3613 2854 rationibus
3645 2786 3820 2874 apud
3840 2783 3977 2854 Ro·
4021 2824 4077 2878 S.
4096 2750 4217 2877 Αἰ,
4275 2801 4281 2807 ’

2701 2903 2938 2952 manos
2967 2880 3370 2973 operabatur
3428 2906 3451 2968 3
3502 2887 3791 2976 populus
3837 2902 3979 2954 tam
4026 2908 4252 2971 τοκῆες.

2700 2981 2871 3052 bene
2912 2983 2991 3051 ad
3023 2983 3135 3051 sua
3160 2983 3354 3053 rediit
3382 2982 3586 3051 officia
3610 3037 3632 3067 ,
3650 3004 3719 3052 ut
3747 2987 3980 3053 eadem
4015 2990 4173 3066 μήτ·
4248 2971 4254 2976 ’

2699 3102 2921 3168 arma,
2951 3103 3093 3172 quae
3128 3101 3357 3153 contra
3409 3080 3760 3153 Urbanum
3810 3089 3976 3152 arri·
4021 3089 4125 3141 ²4·

2698 3197 2936 3273 puerat
2968 3234 2989 3264 ,
3019 3198 3249 3251 contra
3295 3183 3514 3272 copias
3543 3181 3812 3272 Reginae
3841 3239 3863 3272 ,
3897 3186 3967 3257 in

2698 3282 2867 3348 illius
2915 3280 3358 3350 defensionem
3394 3287 3817 3351 converterit.

2800 3376 2986 3449 Tum
3019 3379 3323 3449 Pontifex
3361 3381 3698 3471 resumpta
3734 3435 3756 3466 ,
3780 3402 3972 3450 more
4037 3365 4197 3429 ΑΜ

2696 3478 2857 3563 su0,
2898 3482 3099 3549 animi
3135 3477 3748 3565 fortitudine,dum
3771 3503 3982 3570 nego·
4025 3453 4260 3612 ἕζζιι

2696 3581 2785 3647 tia
2810 3580 2878 3647 in
2914 3578 3194 3648 meliore
3222 3582 3379 3648 statu
3423 3581 3623 3669 polita
3671 3578 3980 3665 videbat,
4023 3573 4273 3682 bocauna

2695 3681 2937 3751 iterum
2971 3672 3276 3748 adversus
3331 3675 3749 3752 Clementem
3790 3685 3977 3752 deto·
4025 3702 4208 3783 &fis
4265 3691 4270 3698 ’

2699 3782 2839 3847 nnit
2869 3834 2890 3865 ,
2942 3781 3010 3850 ἀ
3061 3777 3320 3848 Bellum
3378 3778 3653 3852 Sacrum
3698 3784 3979 3867 indixit,

2699 3878 2998 3949 concessis
3021 3881 3438 3970 indulgentiis
3469 3881 3587 3951 illis
3623 3881 3976 3966 omnibus,

2699 3980 2814 4065 qui
2846 3995 3077 4048 contra
3110 3979 3274 4048 illius
3308 3982 3712 4051 adhaerentes
3740 3978 3976 4049 effent:

2694 4080 2874 4146 idem
2911 4073 3264 4164 Clemens,
3311 4095 3384 4148 ut
3411 4103 3533 4169 par
3566 4085 3706 4169 pari
3738 4080 3980 4150 redde-

2697 4193 2839 4261 ret,
2873 4178 3163 4247 instituit.
3267 4175 3377 4245 Sic
3413 4181 3548 4248 duo
3580 4182 3678 4248 isti
3707 4180 3982 4250 Pontifi-

2698 4299 2804 4348 ces
2838 4277 3232 4346 authoritate
3259 4276 3368 4345 sua
3403 4275 3746 4348 abutentes
3780 4283 3977 4349 innu-

2683 4373 3111 4446 merabilium
3153 4375 3326 4444 cansa
3366 4374 3553 4446 fuere
3598 4381 3982 4466 malornm,

2702 4476 2769 4543 ἀ
2786 4473 3218 4544 horribilium
3241 4475 3981 4568 perturbationutn,quae

2658 4579 2768 4666 xin
2819 4590 2960 4644 tota
2996 4573 3213 4645 ferme
3244 4576 3722 4647 Christianitate
3738 4589 3977 4649 evene-

2698 4690 2892 4759 runt,
2926 4676 3090 4744 dum
3121 4692 3439 4765 praetextu
3484 4680 3746 4768 parendi
3779 4677 3985 4748 Bullia

2699 4775 3093 4844 Pontificum
3123 4829 3147 4859 ,
3200 4776 3266 4845 se
3318 4778 3604 4846 invicem
3663 4793 3978 4868 tanquam

2700 4871 3157 4943 Schismaticos
3192 4877 3264 4945 ἀ
3278 4874 3618 4947 haereticos
3633 4880 3742 4963 ,in
3763 4882 3982 4950 divet-

2701 4971 2772 5041 sts
2792 4971 3157 5043 traaabant
3175 4972 3568 5069 obedientijs
3587 5001 3609 5061 3
3645 4979 3712 5046 ἀ
3733 4975 3812 5047 ab
3833 4979 3976 5068 ipso

2698 5072 3056 5142 schismatis
3094 5070 3466 5166 Principiol,
3506 5079 3773 5146 nonnisi
3799 5077 3978 5149 stan.

2698 5173 2896 5241 dalofi
2916 5174 2980 5241 ἀ
3000 5179 3252 5243 cruenti
3270 5173 3637 5244 visebantur
3662 5179 3932 5249 effectus
3956 5232 3978 5264 ,

2700 5293 2782 5339 ex
2816 5273 2936 5340 hac
2982 5270 3228 5343 funesta
3266 5276 3614 5356 divilione3
3664 5298 3802 5364 quae
3839 5292 3980 5350 tam

2696 5367 2925 5462 inique
2959 5371 3244 5462 populos
3289 5391 3519 5444 contra
3573 5371 3639 5441 se
3671 5376 3843 5463 ipsos
3876 5402 3976 5447 ar-

2698 5469 2957 5544 mabat.
2978 5470 3272 5560 quamvis
3310 5494 3543 5542 omnes
3559 5474 3800 5543 eodem
3834 5480 3982 5547 vin.

2698 5573 2848 5640 culo
2882 5571 3243 5656 Religionis
3277 5572 3347 5640 ἁ
3385 5572 3776 5644 obedientia:
3811 5579 3976 5646 uniti

2696 5672 2983 5753 fuerint,
3020 5693 3220 5759 quam
3252 5669 3502 5741 Sanstae
3529 5671 3680 5741 Sedi
3707 5671 3878 5743 bona
3898 5678 3969 5746 fi-

2699 5774 2784 5840 de
2821 5768 3298 5861 profitebantur
3332 5775 3398 5840 in
3448 5773 3720 5864 persona
3761 5777 3973 5864 illius,

2657 5927 2664 5932 .
2697 5892 2904 5960 quem
2937 5889 3172 5938 verum
3190 5871 3541 5943 credebant
3561 5874 3971 5945 Pontificem.

2700 5969 2864 6038 Haec
2886 5967 3075 6040 suere
3106 5973 3530 6082 privatorum,
3550 5970 3721 6043 bella
3753 6029 3776 6061 ,
3811 5979 3978 6047 dnm

3793 6086 4002 6162 joan-
