4745 7357
1498 769 1989 902 schismate
2012 708 2815 898 OccidentisJLib.
2844 792 2913 893 Ι.

558 943 765 1023 Annus
844 945 1006 1001 tunc
1032 934 1564 1030 Romaqpraesens
1585 993 1605 1023 ,
1634 934 1787 1008 ciim
1813 937 2116 1009 Urbanus

566 1041 755 1112 ¹379·
854 1035 1204 1122 eligeretur
1228 1060 1250 1117 3
1316 1062 1456 1129 quae
1476 1042 1558 1107 de
1580 1042 1773 1127 plena
1789 1041 1960 1108 illius
1984 1041 2111 1107 ele-

854 1137 1095 1203 &ionis
1148 1135 1446 1207 libertate
1475 1194 1496 1225 ,
1547 1162 1625 1206 ex
1668 1142 2113 1229 ipsorummet

855 1236 1307 1307 Cardinalium
1351 1242 1572 1329 postea
1606 1240 1672 1308 se
1708 1242 2113 1309 retractanti-

850 1357 968 1402 um
1021 1357 1138 1404 ore
1170 1390 1192 1422 ,
1221 1340 1523 1431 deposuit
1575 1337 1843 1429 publico
1880 1343 2118 1408 instru-

856 1432 1091 1501 mento
1109 1489 1129 1518 ,
1145 1432 1381 1528 suaque
1398 1440 1655 1525 fignavit
1675 1463 1877 1508 manu
1896 1464 1911 1509 :
1936 1441 2119 1528 quod

831 1536 1347 1607 'instrumentum
1362 1544 1485 1628 legi
1503 1542 1712 1629 potest
1731 1542 1906 1632 apud
1927 1540 2118 1607 Odo-

845 1639 1056 1701 ticum
1088 1634 1525 1726 Raynaldum.

579 1333 746 1397 Odor.

532 1491 536 1495 ⁴
577 1418 806 1496 quul·

577 1506 657 1556 ad
675 1523 806 1559 ann.

573 1602 720 1655 1379.

577 1724 808 1802 tesqua-s
953 1734 1228 1804 Accedit
1264 1764 1402 1809 non
1424 1743 1565 1808 leve
1582 1741 1847 1830 pondus
1869 1737 1949 1804 ad
1975 1757 2119 1804 rem

578 1814 800 1969 2:2⁸·
854 1832 1227 1917 praesentem
1268 1836 1301 1904 a
1344 1839 1742 1909 B.Ursulina
1763 1834 2118 1919 Parmenfi,

578 1975 811 2034 Biblioaek
832 1958 833 1961 ’
858 1932 938 1998 de
969 1955 1089 2021 qua
1113 1934 1430 2018 ,Coaevus
1469 1940 1681 2009 ferme
1695 1938 1926 2007 auCtor
1956 1955 2122 2003 ano-

576 2062 779 2137 ..pm-1,
857 2053 1097 2121 nymus
1126 2039 1196 2103 in
1234 2042 1367 2129 ejus
1401 2041 1529 2107 vita
1562 2094 1587 2123 ,
1633 2044 1981 2130 postquam
2016 2055 2124 2102 re·

577 2147 755 2221 Pape—
860 2129 1130 2217 tuliffet,
1156 2138 1577 2232 quantapaffa
1602 2140 1752 2208 effet
1779 2142 1846 2205 in
1868 2134 2119 2227 palatio

583 2220 764 2292 broch.
863 2232 1299 2306 Avenionenfi
1318 2238 1791 2312 Urtitlina,ausa
1804 2237 2117 2304 Clemen-

860 2334 1385 2407 temconvenire
1433 2335 1674 2409 iterato
1718 2340 1909 2428 super
1940 2333 2122 2402 abdi-

859 2436 1121 2501 catione
1163 2434 1467 2508 facienda
1497 2487 1515 2515 ,
1549 2435 1721 2512 adeo
1758 2453 1828 2507 ut
1866 2431 2036 2528 pene
2069 2436 2123 2500 i·

850 2532 1037 2624 psum
1064 2537 1149 2628 .&
1186 2538 1403 2626 plures
1469 2544 1604 2631 ejus
1660 2539 1862 2607 Pseud
1877 2533 2123 2604 o·Car-

856 2634 1099 2702 dinales
1131 2637 1550 2718 inflecsteret3
1601 2641 1783 2709 suam
1838 2636 1925 2706 ita
1962 2654 2122 2723 pro-

851 2735 1142 2826 sequitur
1175 2743 1512 2809 historiam
1558 2764 1577 2808 t
1637 2738 1911 2807 Interim
1962 2736 2124 2800 dum

856 2850 998 2920 tot,
1033 2841 1351 2928 tantisque
1387 2845 1601 2910 modis
1625 2841 1694 2906 in
1732 2840 1938 2928 ipsam
1971 2834 2122 2899 Vir-

857 2942 1089 3029 ginem
1117 2936 1491 3010 desaevirent
1510 2995 1531 3026 ,
1567 2954 1971 3008 memoratus
1989 2933 2122 2999 An-

859 3044 1082 3130 tipapa
1119 3092 1142 3122 ,
1211 3042 1295 3108 de
1325 3040 1395 3106 B.
1432 3041 1735 3109 Ursulina
1771 3049 2126 3127 perconta-

859 3138 1053 3208 batur
1087 3163 1106 3207 :
1157 3133 1442 3229 cumque
1497 3137 1897 3211 intellexisset
1929 3189 1950 3217 ,
1989 3136 2120 3220 jam

858 3241 1125 3331 pridem
1169 3239 1415 3309 fatuam
1449 3236 1493 3323 (
1529 3241 1607 3306 fic
1640 3239 1906 3305 Beatam
1949 3235 2123 3300 illam

858 3337 1393 3429 compellabant,
1432 3339 1777 3406 familiares
1814 3334 2127 3413 Clemen-

861 3444 943 3509 tis
968 3436 1223 3528 )abijffe
1247 3440 1482 3529 ,idque
1508 3438 1819 3505 Ursulinae
1847 3436 2124 3504 relatum

856 3539 1103 3619 fuisset,
1126 3562 1288 3607 mox
1304 3540 1523 3607 literas
1544 3538 1949 3627 Apostolicas
1972 3589 1993 3618 ,
2031 3535 2128 3599 di-

854 3639 1021 3711 vino
1059 3638 1385 3710 affervatas
1419 3639 1689 3707 confilio
1732 3693 1752 3723 ,
1791 3637 2127 3725 Antipapae

863 3741 1133 3809 miserat
1156 3796 1177 3824 ,
1202 3763 1362 3827 quas
1393 3740 1608 3809 Roma
1627 3738 1661 3806 a
1677 3740 1934 3806 summo
1955 3737 2129 3802 Pon-

764 3923 771 3932 ·
859 3841 1031 3910 tifice
1090 3835 1167 3912 &u
1225 3835 1685 3908 Cardinalibus
1771 3833 2127 3906 deferebat.

864 3938 1068 4011 Tunc
1105 3942 1281 4008 enim
1321 3934 1487 4007 vero
1520 3940 1849 4030 Antipapa
1878 3935 2130 4006 Ursuli-

866 4064 1023 4111 nam
1066 4061 1204 4108 non
1250 4038 1562 4107 discessiffe
1591 4095 1612 4126 ,
1660 4061 1817 4107 cum
1847 4039 2130 4104 admira-

870 4144 1059 4212 tione
1083 4144 1437 4227 cognovit,
1454 4144 1521 4210 ὅ(
1548 4141 1775 4209 Literis
1798 4135 2130 4228 Apostoli-

870 4247 961 4310 cis
990 4244 1294 4332 perledtis
1319 4297 1338 4327 ,
1370 4263 1609 4327 magna
1644 4237 2007 4329 perturbati
2062 4245 2131 4313 &

864 4349 1014 4412 anxi
1026 4351 1040 4432 j
1060 4347 1260 4411 animi
1277 4347 1446 4412 inter
1459 4342 1724 4431 suspiria
1738 4337 2127 4430 cogitabun-

873 4450 993 4516 dus
1026 4443 1254 4514 edebat
1288 4443 1546 4514 indicia.
1609 4441 1831 4512 Paucis
1850 4440 2010 4512 vero
2038 4446 2135 4513 in.

873 4547 1155 4637 terjeestis
1188 4543 1412 4615 diebus
1432 4593 1453 4625 ,
1470 4543 1790 4633 Antipapa
1802 4537 2139 4630 Clemens,

882 4670 1112 4717 manus
1155 4643 1423 4714 abluens
1446 4697 1468 4727 ,
1504 4658 1574 4712 ut
1602 4648 1684 4713 ad
1712 4644 2004 4712 mensam
2045 4646 2139 4712 di-

871 4744 1238 4817 scumberet
1256 4800 1278 4831 ,
1297 4746 1641 4831 repentina
1655 4761 1871 4812 morte
1889 4767 2137 4834 praeoc-

874 4864 1143 4938 cupatus
1177 4841 1626 4915 miserabiliter
1656 4847 1857 4912 vitam
1884 4844 2138 4929 finivit3

874 4948 1063 5039 qnod
1093 4944 1304 5033 ipsum
1337 4944 1408 5012 B.
1427 4942 1730 5012 Ursulina
1748 4946 1807 5011 ei
1825 4946 2138 5032 praedixe-

873 5065 1006 5134 rat,
1031 5046 1337 5115 videlicet
1372 5099 1393 5129 ,
1450 5060 1601 5110 ante
1641 5043 1931 5131 Virginis
1964 5043 2136 5113 Ave-

874 5151 1078 5219 nione
1109 5141 1473 5226 discessum,
1507 5142 1814 5212 Divinam
1838 5162 2141 5233 expertu7

875 5269 1026 5318 rum
1059 5242 1177 5314 effe
1210 5244 1552 5311 ultionem.
1654 5243 2138 5330 Atqueutinam

877 5370 1021 5417 non
1076 5345 1272 5414 fuerit
1308 5344 1503 5411 etiam
1542 5345 1891 5430 impletum
1943 5345 2140 5426 illud,

871 5442 1641 5539 quodClementi‚finiens
1658 5444 1723 5510 in
1736 5447 1957 5529 primo
1980 5464 2143 5510 con·

879 5546 1086 5637 gress‘u
1121 5544 1457 5633 prolixum
1490 5541 1874 5631 sesquihorae
1890 5543 2141 5610 sermo-

881 5668 1039 5718 nem
1061 5642 1315 5716 dicebat
1339 5665 1358 5726 3
1382 5645 1640 5711 noveris
1669 5696 1692 5727 ,
1712 5636 1898 5732 quod
1915 5697 1937 5722 ,
1971 5639 2008 5709 si
2032 5665 2105 5709 ea
2124 5696 2146 5726 ,

887 5743 1188 5840 quae‘tibi
1216 5743 1486 5832 exposui
1528 5765 1655 5833 pro
1694 5757 1874 5833 parte
1902 5738 2145 5810 Domi-

886 5856 955 5922 ni
990 5847 1191 5913 nostri
1221 5838 1388 5923 JEsu
1427 5842 1662 5911 Christi
1696 5897 1717 5925 ,
1754 5845 1983 5930 exequi
2016 5858 2144 5909 tar·

887 5949 1136 6024 daveris
1159 5998 1179 6028 ,
1203 5944 1380 6011 sedes
1397 5960 1507 6012 tua
1533 5947 1598 6011 in
1638 5940 1897 6010 inferno
1920 5961 2145 6030 parem

884 6054 1114 6121 locum
1145 6065 1295 6124 cum
1329 6043 1466 6136 ipso
1511 6042 1818 6112 Lucifero
1855 6040 2151 6110 habitura

874 6153 969 6240 sit.

2320 940 2425 1016 Est
2457 943 2673 1039 porro
2702 953 2878 1023 lestu
2907 956 3489 1049 admirabile,quo-
3556 963 3764 1023 Annus

2221 1048 2436 1115 modo
2481 1049 2698 1136 puella
2757 1070 2912 1123 tunc
2979 1082 3223 1128 annum
3289 1066 3488 1129 aetatis
3579 1046 3766 1124 1378·

2221 1147 2538 1216 duntaxat
2576 1149 2914 1221 decimum
2945 1178 3200 1227 nonum
3247 1160 3496 1248 ingres-
3667 1150 3670 1151 ἦ

2224 1245 2287 1312 sa
2314 1301 2335 1332 ,
2402 1241 2718 1338 soliusque
2755 1249 2916 1322 DEI
2945 1254 3330 1344 Magisterio
3366 1265 3499 1348 jam

2223 1345 2303 1414 ab
2332 1346 2640 1431 infantia,
2674 1349 2782 1418 usa
2815 1406 2836 1435 ,
2872 1351 2952 1421 ab
2977 1359 3311 1426 audiendis
3334 1356 3497 1426 vero

2225 1445 2734 1516 Praedicantium
2751 1452 3156 1524 sermonibus
3172 1457 3499 1543 sacris,ab-

2227 1548 2464 1620 stinere
2508 1544 2814 1617 divinitus
2847 1550 2994 1643 juss'a
3033 1609 3049 1639 ,
3084 1554 3168 1623 ne
3195 1558 3502 1626 homines

2229 1648 2703 1734 existimarent,
2734 1647 2816 1718 ab
2849 1652 2964 1719 illis
3001 1656 3281 1725 didicisse
3304 1711 3325 1740 ,
3358 1679 3505 1744 quae

2226 1766 2349 1834 per
2394 1746 2595 1836 ipsam
2640 1751 2850 1819 voluit
2896 1750 3140 1822 DEUS
3188 1758 3501 1841 revelari,
3569 1776 3570 1779 ’

2228 1839 2504 1934 ipsaque
2541 1849 2826 1917 ditstante
2857 1854 3174 1922 conscribi
3210 1879 3230 1939 3
3297 1860 3499 1925 mira-

2228 1942 2363 2012 bile
2388 1948 2657 2036 inquam
2685 1949 2863 2016 leetu
2885 1955 2972 2019 est
2998 2006 3017 2037 ,
3039 1959 3390 2042 quomodo
3410 1975 3503 2022 ta-

2232 2045 2305 2112 lis
2321 2048 2557 2135 puella,
2579 2050 2944 2118 comitante
2966 2074 3044 2119 ex
3064 2050 3223 2122 DEI
3238 2055 3502 2145 expres-

2229 2145 2299 2213 so
2337 2168 2408 2235 m
2542 2154 2689 2241 a'to,
2725 2152 2938 2218 vetula
2970 2152 3508 2245 Matre,iterque

2228 2246 2299 2313 i'n
2315 2148 2649 2414 [κᾷτά
2663 2243 2890 2317 habitu
2910 2306 2930 2337 ,
2949 2269 3278 2337 praeeunte
3298 2254 3364 2321 B.
3387 2255 3503 2340 Jo-

2230 2364 2401 2412 anne
2492 2346 2833 2436 ⁴vangelista
2867 2404 2887 2430 ,
2929 2346 3160 2440 Parma
3208 2352 3507 2422 Avenio-

2235 2446 2393 2512 nem'
2418 2447 2798 2531 ,Avenione
2827 2449 3155 2533 Romam,
3188 2452 3342 2520 inde
3382 2453 3506 2520 ite-

2232 2565 2384 2611 rum
2419 2546 2830 2614 Avenionem
2858 2547 3160 2643 profesta
3193 2549 3507 2641 fitpedes,

2236 2643 2307 2710 δε
2342 2644 2694 2735 utrobique
2741 2663 2876 2714 tam
2927 2664 3237 2735 potenter
3277 2649 3507 2719 funera

2232 2740 2434 2814 fuerit
2464 2800 2486 2831 ,
2530 2743 2865 2813 commissa
2915 2745 3017 2814 fibi
3059 2750 3297 2816 caelitus
3334 2752 3507 2836 lega-

2232 2846 2468 2930 tione,
2512 2861 2584 2911 ut
2616 2844 2852 2913 nullius
2884 2847 3139 2916 vultum
3188 2852 3504 2937 pertime-

2234 2943 2422 3011 scens
2465 2999 2484 3028 ,
2518 2943 2965 3034 obstupescere
3011 2944 3253 3015 faceret
3300 2968 3504 3039 quan·

2234 3039 2476 3111 tumvis
2512 3061 2819 3131 potentes
2840 3099 2860 3125 ,
2888 3042 3362 3117 obstinatiffima
3389 3052 3509 3118 eti-

2234 3160 2343 3210 am
2364 3144 2864 3211 cordaflecsteret
2881 3198 2901 3228 ,
2925 3144 2993 3213 ἀ
3015 3150 3190 3216 inter
3218 3148 3508 3217 infensis·

2232 3243 2424 3308 limos
2473 3244 2759 3309 veritatis
2795 3244 3007 3311 hostes
3035 3298 3056 3329 ,
3090 3251 3162 3315 in
3210 3245 3510 3316 subtiliffi·

2233 3345 2357 3408 mis
2386 3339 2787 3428 Theologiae
2824 3342 3276 3430 quaestionibus
3322 3370 3508 3415 exer-

2231 3444 2398 3527 cita,
2427 3440 2507 3505 ad
2545 3443 3051 3531 exprimendum
3091 3499 3111 3529 ,
3159 3447 3225 3512 ὅ(
3252 3443 3335 3514 ab
3371 3449 3516 3537 aliis

2232 3541 2628 3630 capiendum
2655 3590 2671 3615 ‚
2704 3546 2817 3629 qui
2855 3547 2924 3610 in
2958 3565 3028 3610 ea
3068 3546 3508 3634 loquebatur,

2231 3640 2542 3730 spiritum
2585 3662 2606 3724 3
2659 3646 2819 3731 quin
2858 3642 2927 3710 ὅ(
2969 3661 3239 3714 torturae
3272 3648 3509 3716 admo·
3608 3650 3614 3655 ’

2234 3756 2336 3825 ta,
2385 3741 2451 3808 ὅ(
2483 3740 2740 3808 veneno
2779 3744 3073 3832 impetita
3097 3797 3120 3828 ,
3166 3768 3290 3815 nec
3321 3750 3513 3816 mini·

2235 3834 2424 3906 mum
2456 3843 2725 3926 quidem
2759 3840 3158 3927 haesitaverit,
3195 3862 3303 3914 aut
3326 3840 3505 3936 prius

2233 3940 2434 4029 pedes
2464 3937 2810 4008 Avenione
2834 3943 3173 4028 extulerit,
3189 3944 3389 4034 quam
3409 3968 3511 4015 re-

2234 4040 2417 4107 verso
2455 4038 2690 4128 Parissjs
2725 4039 2919 4109 Petro
2952 4043 3032 4110 de
3069 4041 3258 4111 Luna
3299 4098 3320 4129 ,
3365 4044 3511 4114 sub-

2239 4141 2501 4209 versum
2546 4139 2798 4208 vidisset
2818 4190 2835 4216 ,
2852 4145 3167 4233 quidquid
3185 4146 3264 4212 ad
3288 4144 3516 4213 Eccle-

2238 4239 2329 4308 ssa:
2361 4242 2685 4309 unionem
2731 4245 3260 4312 constituendum
3304 4242 3515 4313 suerat
3648 4323 3654 4331 ,

2239 4364 2395 4408 cum
2429 4337 3174 4409 Pseudo-Cardinalibus
3200 4362 3465 4428 operata
3492 4328 3536 4412 t⁸

2246 4439 2439 4509 DEO
2475 4462 2594 4529 per
2614 4438 2964 4508 mulierem
3007 4441 3080 4507 iic
3103 4440 3519 4511 confunden-

2243 4556 2309 4610 te
2366 4539 2934 4608 schismaticorum
2965 4537 3311 4629 superbam
3356 4563 3522 4609 con-

2239 4642 2596 4708 tumaciam
2633 4661 2653 4721 3
2705 4652 2777 4705 ut
2812 4655 3032 4707 tamen
3068 4641 3381 4709 dimiserit
3401 4659 3518 4711 eos

2241 4743 2310 4808 in
2350 4762 2554 4807 manu
2603 4740 2841 4828 con-filij
2877 4740 3170 4829 ipsorum
3204 4795 3222 4823 ,
3260 4741 3340 4806 ad
3380 4761 3518 4807 ma-

2244 4842 2464 4931 jorem
2550 4840 2919 4907 eorundem
3004 4841 3514 4908 condemnatio·

2244 4962 2400 5008 nem
2444 4993 2465 5023 ,
2500 4939 2582 5004 ad
2628 4936 2940 5006 Gallicani
2974 4939 3182 5023 Regni
3223 4993 3243 5023 ,
3285 4941 3350 5006 in
3382 4960 3518 5026 quo

2242 5038 2846 5131 perniciofissimum
2937 5037 3194 5105 schilina
3274 5038 3519 5127 potiffi-

2250 5131 2438 5206 mum
2488 5155 2625 5206 erat
2678 5139 3193 5205 continuandum
3226 5188 3245 5221 ,
3299 5152 3515 5207 extre-

2250 5258 2436 5306 mam
2485 5235 2653 5325 pene
2692 5239 3170 5305 desolationem
3213 5289 3235 5320 ,
3287 5258 3520 5325 proce·

2246 5359 2401 5406 rum
2420 5340 2899 5425 praecipuorum
2918 5335 3266 5405 faedissimas
3287 5338 3517 5424 caedes,

2247 5440 2542 5506 duorum
2601 5435 3095 5526 Delphinorum
3140 5439 3518 5504 continuata

2247 5556 2507 5606 veneno
2537 5536 2766 5603 funera
2818 5590 2838 5619 ,
2882 5536 3186 5626 tertiique
3218 5534 3386 5602 Patri
3416 5558 3521 5603 re-

2247 5635 2541 5705 bellantis
2576 5658 2800 5717 arma,
2843 5637 3072 5702 omnia
3110 5636 3525 5702 interimim-

2247 5730 2426 5827 pune
2460 5730 2927 5824 occupantibus
2976 5733 3204 5820 Anglis
3237 5778 3253 5805 ‚
3307 5733 3373 5799 ἀ
3402 5736 3523 5804 flo-

2248 5833 2671 5905 rentissimum
2706 5835 3013 5920 Regnum
3057 5832 3523 5922 depopulanti-

2252 5935 2393 6005 bus·

2351 6031 2531 6102 Vixit
2578 6030 2792 6130 porro

2848 6027 3146 6102 Ursulina
3183 6032 3389 6123 usque
3442 5993 3526 6113 ad

3309 6154 3556 6203 Sanum
