4745 7357
956 1998 1176 2144 Qa-
1234 2086 1754 2176 Luxemburgici
1800 2087 2002 2156 Primi
2066 2085 2351 2160 Comitis
2423 2090 2508 2157 de

946 2171 1099 2314 3ξῖ
1109 2210 1122 2226 ’
1242 2188 1460 2278 Lissny
1479 2187 1548 2256 ἅ
1565 2188 1858 2257 Mflhutae
1876 2184 2245 2257 Castilionis
2265 2188 2503 2257 Comi-

918 2977 976 3016 „
1005 2978 1057 3015 n.

914 3038 1161 3182 ff‘gz‘.
1219 3078 1538 3162 solviss‘et3
1586 3078 1811 3149 Frater
1855 3081 1990 3167 ejus
2023 3078 2401 3147 Valerianus
2421 3080 2506 3144 de

918 3207 1095 3266 uls,
1221 3177 1701 3265 Luxemburgo
1738 3232 1759 3263 ‚
1797 3176 2048 3245 Comes
2078 3178 2160 3245 de
2192 3179 2411 3266 Ligny
2436 3176 2505 3244 &-

917 3289 1169 3354 Beleia·
1225 3277 1447 3347 Santffi
1484 3279 1663 3347 Pauli
1697 3330 1718 3361 ‚
1753 3278 1982 3344 videns
2024 3277 2217 3344 illum
2250 3276 2506 3346 resolu-

941 3392 1058 3433 un.
1074 3378 1144 3438 δ’

952 3454 1072 3522 alii.

1237 834 1380 946 60

960 984 1166 1047 ΛΜΝ*
1223 1021 1302 1070 ac
1339 1000 1613 1069 demum
1639 994 1837 1067 etiam
1871 990 2156 1081 Magnus
2196 997 2513 1087 Magister

1012 1072 1154 1151 387·
1228 1099 1549 1190 Equitum
1567 1090 1991 1167 Rhodiorum
2010 1099 2223 1185 :quod
2238 1096 2364 1166 sine
2388 1098 2509 1164 du.

1228 1197 1347 1269 bio
1392 1216 1709 1286 magnum
1760 1195 2021 1285 pondus
2074 1197 2300 1264 additit
2346 1217 2511 1283 aug.

1234 1311 1473 1369 mento
1508 1294 1898 1365 obedientiae
1918 1288 2314 1370 Clementis.
2380 1292 2512 1364 Sed

1231 1388 1596 1487 plurimum
1620 1390 1819 1465 etiam
1836 1390 2173 1483 profuere,
2205 1392 2497 1463 maxime

1230 1498 1300 1569 in
1322 1496 1553 1565 animis
1566 1496 1799 1585 populi
1821 1544 1843 1576 ‚
1873 1494 2140 1582 grandia
2159 1493 2466 1561 miracula
2485 1546 2508 1579 ‚

1226 1616 1375 1685 quae
1412 1591 1653 1665 DEUS
1692 1593 1824 1661 hoc
1857 1589 1993 1680 ipso
2032 1614 2207 1660 anno
2239 1593 2319 1659 ad
2357 1592 2510 1659 illu-

1234 1693 1558 1765 arandam
1577 1688 1899 1760 sublimen
1920 1690 2327 1760 sanctitatem
2345 1689 2507 1760 Bea-

1230 1893 1338 1960 est.

2164 814 2610 963 Historias
2624 825 2735 936 de
2771 818 3149 974 Asagno
3963 980 3972 985 Π

2663 994 2670 999 '
2718 991 2895 1063 Mox
2929 992 3008 1061 ab
3043 995 3181 1084 ejus
3235 986 3464 1080 obitu}
3497 982 3602 1065 tot
3630 992 3698 1065 ἁ
3721 1002 3898 1059 tanta
3928 1011 4135 1080 Am„

2629 1107 2884 1182 patrata
2921 1091 3109 1161 fuere
3141 1094 3492 1179 miracula,
3520 1093 3696 1163 adeo
3726 1094 3909 1160 lucu.
3945 1104 4129 1181 1387.

2633 1192 2808 1259 lenta
2828 1193 2896 1260 dt
2917 1191 3175 1262 insolita
3196 1249 3218 1280 ‚
3236 1208 3437 1281 atque
3449 1193 3804 1263 indubitata
3820 1197 3904 1265 ad

2638 1292 2774 1377 ejus
2791 1291 3120 1361 tumulum
3143 1338 3159 1368 ‚
3177 1309 3250 1362 ut
3266 1295 3499 1381 populi
3530 1315 3613 1363 ex
3634 1294 3908 1383 Europa

2633 1386 2849 1461 ferme
2887 1391 3185 1461 universa
3245 1395 3327 1461 ad
3358 1414 3516 1462 eum
3548 1414 3900 1463 concurre-s

2632 1490 2760 1557 rint
2792 1511 2814 1572 3
2852 1489 3034 1578 quod
3062 1506 3276 1580 partes
3310 1485 3669 1561 Clementis
3712 1491 3893 1561 sum-

2633 1608 2916 1677 mopere
2937 1586 3293 1674 roboravit,
3312 1592 3464 1679 quia
3478 1607 3664 1662 tanto
3686 1592 3898 1680 splen-
4003 1606 4012 1609 “

2632 1687 2796 1756 dore
2815 1688 3282 1761 miraculorum
3302 1693 3605 1778 pereuni,
3626 1692 3898 1759 credere

1233 1795 1288 1860 ti
1318 1794 1494 1861 Petri
1552 1787 2136 1883 Luxemburgenlis
2197 1808 2513 1883 operatus
2625 1800 2933 1876 poterant
2962 1841 2984 1871 .,
3013 1783 3208 1876 quod
3258 1786 3529 1859 Sanetus
3567 1843 3587 1877 ‚
3617 1795 3729 1880 qui
3755 1808 3894 1861 tam

1660 1906 1669 1913 ·
2495 1906 2502 1917 ’
2630 1882 2944 1954 mirabilia
2961 1890 3102 1973 post
3124 1904 3418 1957 mortem
3434 1894 3733 1979 patravit,
3747 1892 3894 1978 ple-

1329 1989 1492 2059 Erat
1529 1989 1639 2061 hic
1681 1986 1909 2057 Beatus
1938 2041 1960 2074 ‚
1990 1986 2150 2056 filius
2181 1987 2511 2060 Gnidonis
2634 1979 2984 2054 neaDEO
3001 1987 3400 2056 illuminatus
3418 1988 3614 2057 fixerit
3630 1995 3701 2058 in
3733 1993 3901 2074 vita,

1239 2286 1390 2357 tiffae
1408 2286 1626 2357 Sancti
1645 2287 1821 2357 Pauli
1843 2340 1864 2371 ‚
1892 2283 2281 2357 delbendens
2301 2283 2337 2353 ὲ
2369 2289 2507 2356 ssir-

947 2348 1154 2484 2²⁶3:
1241 2408 1330 2478 pe
1347 2401 1629 2474 quatuor
1653 2388 2144 2475 Imperatorum
2166 2441 2186 2470 ,
2220 2384 2416 2454 affinis
2437 2388 2506 2454 in·

952 2518 1001 2559 e.
1021 2518 1085 2571 7.
1237 2500 1476 2574 quarto
1491 2485 1696 2574 gradu
1713 2484 2090 2553 Wenceslai
2122 2505 2206 2551 eo
2239 2503 2506 2574 tempo·

1236 2606 1310 2655 re
1329 2582 1750 2674 Imperatoris
1786 2637 1808 2669 ,
1840 2583 1908 2651 ἀ
1929 2583 2120 2669 Regis
2141 2580 2468 2652 Bohemiae
2482 2634 2504 2664 ‚

1233 2700 1432 2771 atque
1469 2681 1866 2773 Sigismundi
1912 2684 2109 2771 Regis
2155 2680 2506 2774 Hungariae

920 2789 1086 2852 autb.
1231 2786 1455 2872 postea
1471 2783 1923 2872 Imperatoris.
2024 2779 2372 2869 Postquam
2394 2782 2503 2848 sua

922 2870 1161 2934 ''ff-<5¹⁰-
1223 2883 1425 2975 (ludia
1458 2880 1884 2971 Philosophia:
1919 2882 1987 2950 ἀ
2008 2879 2356 2949 Sacrorum
2369 2879 2505 2947 Ca·

1223 3002 1484 3051 nonum
1505 2984 1573 3050 iu
1599 2979 2027 3050 Univeriitate
2043 2979 2354 3048 Parisienfi
2386 2975 2502 3046 ab·

1229 3393 1376 3447 tum
1397 3379 1479 3445 ad
1502 3375 1914 3445 serviendum
1934 3374 2220 3442 Ecclesiae
2238 3429 2258 3457 .‚
2277 3377 2504 3444 Cano·

1239 3478 1528 3547 nicarum
1555 3479 1623 3542 in
1654 3492 1892 3561 magna
1919 3474 2027 3540 illa
2043 3470 2222 3542 Urbe
2239 3475 2333 3542 illi
2347 3492 2508 3562 pro-

1241 3578 1496 3645 curavit
1525 3630 1545 3659 ,
1578 3570 1688 3640 ubi
1729 3587 1979 3641 tantam
2012 3570 2119 3640 fibi
2146 3586 2507 3662 compara-

1230 3675 1328 3743 vit
1380 3674 1733 3744 sanclitatis
1768 3672 2316 3742 existimationem
2356 3726 2379 3756 ‚
2431 3685 2506 3737 ut

1231 3772 1545 3843 Clemens
1574 3825 1594 3855 ‚
1613 3785 1813 3859 quem
1841 3770 1953 3840 ille
1975 3792 2098 3861 pro
2122 3793 2276 3841 vero
2300 3789 2508 3861 agno-

1232 3871 1450 3944 scebat
1474 3869 1820 3954 Pontifice,
1879 3870 2224 3959 postquam
2252 3871 2509 3959 aliquot

1233 3969 1558 4041 menfibus
1608 3972 1678 4036 in
1713 3970 1918 4057 gradu
1989 3964 2509 4040 'Archi-Diaconi

1236 4068 1538 4140 Eccleiiae
1557 4066 1965 4138 carnutensis
1979 4070 2165 4140 illum
2191 4090 2507 4140 exercen-

1240 4172 1402 4239 dum
1418 4165 1747 4261 judicass'et
1783 4189 1806 4251 3
1856 4187 2010 4236 eum
2034 4165 2323 4238 omnino
2346 4168 2507 4237 Me·

1240 4267 1484 4339 tensem
1500 4266 1900 4357 Episcopum
1918 4321 1939 4352 ‚
1977 4268 2127 4337 sede
2151 4272 2170 4337 i
2181 4271 2263 4336 lla
2281 4284 2508 4335 tamen

1241 4383 1518 4438 vacante
1539 4422 1560 4452 ,
1576 4365 1701 4435 effe
1726 4367 2011 4436 voluerit
2027 4421 2049 4451 ‚
2065 4364 2221 4462 licet
2242 4364 2511 4435 nonnisi

1241 4489 1455 4536 annos
1504 4468 1885 4556 quindecim
1915 4469 2114 4536 artatis
2149 4463 2457 4536 babuerit
2487 4487 2507 4533 t

1243 4562 1421 4634 adeo
1438 4565 1755 4635 Clemens
1768 4563 2098 4654 persuasus
2117 4581 2290 4650 etat,
2311 4567 2394 4633 de
2409 4562 2504 4631 sa-

1242 4667 1497 4757 pientia
1526 4664 1716 4754 iplius
1738 4716 1759 4748 ‚
1822 4664 2121 4733 doecrina
2163 4721 2187 4751 .,
2269 4664 2338 4733 dt
2376 4668 2511 4734 vir-

1241 4780 1399 4834 tute
1458 4778 1721 4830 aetatem
1767 4763 2122 4851 juvenilem
2172 4764 2510 4852 superante

1241 4880 1323 4934 ut
1400 4862 1581 4930 viros
1668 4857 2140 4930 consummatae
2206 4863 2508 4931 senectu-

1246 4967 1328 5033 tis
1400 4958 1771 5030 adolescens
1802 4961 1916 5026 iste
1975 4965 2340 5049 aequaverit.
2385 4963 2510 5031 Ec-

1249 5059 1508 5131 cleliam
1544 5057 1651 5127 fibi
1720 5056 2054 5127 coffiiffam
2092 5058 2183 5128 ita
2269 5056 2506 5151 guber-

1244 5161 1426 5231 navit
1452 5212 1475 5243 ‚
1516 5174 1588 5225 nt
1614 5156 1914 5228 Pontifex
1946 5213 1968 5243 ‚
2019 5157 2191 5227 fama
2240 5155 2507 5249 publica

1244 5257 1604 5329 sanititatis
1636 5258 1703 5327 dc
1735 5259 2103 5347 meritiejus
2130 5274 2509 5348 permotus,

1243 5377 1398 5426 eum
1430 5359 1606 5446 apud
1655 5357 1716 5423 se
1748 5356 2089 5426 Avenione
2118 5354 2353 5426 habere
2386 5379 2504 5426 vo·

1239 5457 1435 5527 luerit
1454 5509 1475 5538 ,
1492 5450 1779 5546 eumque
1799 5454 2220 5525 Cardinalem
2244 5477 2508 5526 creave-

1237 5561 1328 5630 rit
1365 5578 1383 5624 :
1442 5553 1571 5623 Sed
1611 5576 1785 5624 anno
1820 5556 2111 5647 sequenti
2176 5578 2261 5624 ex
2296 5559 2507 5643 longo

1188 5657 1201 5703 ¹
1238 5649 1488 5726 morbo
1503 5650 1546 5722 ἦ
1563 5676 1796 5745 magna
1817 5654 2077 5724 causato
2098 5657 2468 5726 austeritate
2483 5709 2507 5742 ,

1240 5773 1422 5823 anno
1449 5756 1650 5822 aetatis
1684 5757 1950 5825 decimo
1980 5756 2226 5822 octavo
2264 5776 2348 5824 ex
2386 5753 2510 5823 hac

1064 5956 1076 5966 ·
1191 5853 1207 5863 ²
1239 5856 1381 5923 vita
1410 5851 1701 5940 decem,
1729 5851 2077 5945 postquam
2111 5853 2275 5923 hanc
2312 5851 2507 5924 subli-

1242 5972 1429 6021 mem
1459 5952 1847 6036 dignitatem
1871 5954 2169 6044 plurimis
2202 5955 2507 6039 omnige-

1242 6051 1608 6120 naevirtntis
1628 6050 1997 6120 actionibus
2012 6053 2292 6122 heroicis
2310 6108 2334 6139 ,
2347 6073 2508 6122 eum

1099 6210 1108 6219 .
1236 6146 1609 6219 'admirabili
1648 6171 2052 6239 magnorum
2106 6151 2507 6226 Santstorum

1214 6246 1659 6345 perfectione
1676 6248 2043 6321 illustrasset.

2628 2099 2700 2152 ut
2723 2102 2954 2152 verum
2975 2080 3187 2153 &falso
3204 2084 3603 2157 discerneret
3620 2143 3642 2173 ‚
3660 2090 3728 2159 ὅ(
3757 2087 3892 2154 Ga-

2621 2184 2839 2250 lerum
2862 2178 3365 2254 cardinalitium
3402 2209 3540 2257 non
3571 2187 3897 2275 acceptas·

2623 2274 2767 2351 sete
2790 2278 3089 2350 manibus
3102 2283 3312 2369 illius,
3343 2307 3546 2375 quem
3582 2310 3721 2357 non
3754 2307 3898 2354 cer-

2624 2376 2987 2469 topntaffet
3022 2402 3268 2450 verum·
3300 2384 3423 2452 effe
3474 2386 3889 2455 Pontificem.

2630 2478 2736 2547 Illi
2754 2478 2867 2567 ipli
2891 2529 2914 2562 ‚
2936 2481 3137 2567 quiin
3156 2479 3534 2553 obedientia
3552 2503 3736 2553 erant
3767 2482 3900 2552 Ur·

2629 2574 2783 2646 bani
2813 2630 2836 2661 ‚
2874 2579 3060 2646 testes
3113 2581 3350 2649 oculati
3367 2581 3740 2672 hujusmodi
3771 2587 3902 2653 mi-

2625 2679 3003 2744 raculorum
3019 2730 3040 2761 ,
3078 2675 3259 2747 sensu
3275 2681 3498 2770 aliquo
3523 2683 3900 2771 Religionis

2623 2775 2780 2844 taen
2814 2826 2837 2857 ‚
2869 2776 3311 2848 existimabant
3354 2779 3649 2869 speciem
3693 2804 3899 2870 quan-

2628 2876 2782 2943 dam
2829 2874 2898 2942 in
2942 2874 3118 2943 hunc
3169 2875 3485 2949 Sannum
3536 2883 3896 2971 impietatis
4001 2912 4010 2933 ·

2627 2973 2749 3042 effe
2771 3026 2792 3058 ‚
2810 2972 2883 3040 in
2921 2976 3342 3063 quaestionem
3369 3000 3607 3047 vocare
3629 2982 3915 3068 dignita-⁴

2636 3082 2776 3140 tem
2812 3075 2947 3163 ejus
2984 3072 3481 3147 Cardinalitiam
3506 3126 3528 3157 ,
3575 3078 3646 3147 ἀ
3673 3080 3912 3149 'conse-

2638 3186 2915 3260 quenter
2945 3189 3437 3247 controvertere
3483 3198 3716 3247 verum
3745 3179 3905 3249 Cle-

2639 3272 2885 3339 mentis
2912 3268 3396 3344 Pontificatum.

2731 3365 2837 3435 Sic
2878 3370 3078 3439 etiam
3108 3377 3423 3459 permulti
3454 3373 3898 3444 Clementiam

2632 3463 3024 3537 obedientia:
3088 3471 3313 3540 devoti
3368 3519 3386 3548 ‚
3431 3470 3632 3561 longe
3688 3476 3903 3562 magis

2632 3564 2835 3655 quam
2855 3568 3126 3638 antehac
3139 3568 3346 3641 securi
3375 3573 3440 3645 ἅ
3473 3577 3710 3646 firmati
3731 3628 3754 3659 ‚
3787 3594 3908 3641 au·
3937 3566 3941 3571 ’

2635 3667 2866 3735 denter
2881 3663 3229 3738 afferebant
3251 3725 3272 3757 ‚
3295 3670 3433 3742 haec
3448 3673 3676 3743 omnia
3705 3674 3904 3741 mira-

2632 3767 2776 3834 cula
2798 3821 2820 3851 ‚
2850 3766 3036 3855 iplius
3057 3765 3213 3838 DEI
3244 3773 3613 3845 testimonia
3648 3770 3767 3842 effe
3787 3794 3906 3840 au-

2628 3864 2921 3934 thentica
2946 3921 2967 3952 ,
2991 3865 3222 3957 quibus
3251 3872 3537 3943 indicare
3580 3873 3906 3959 voluerit,

2627 3961 3074 4034 obedientiam
3124 4020 3145 4052 ‚
3198 3991 3393 4057 quam
3444 3969 3716 4040 sanetus
3783 3973 3903 4041 ille

2634 4059 2993 4132 cardinalis
3013 4067 3293 4152 elegerat
3310 4122 3334 4154 ‚
3371 4070 3437 4138 dt
3462 4074 3532 4139 in
3559 4093 3686 4161 qua
3706 4070 3894 4141 suam

2630 4164 2832 4231 vitam
2868 4161 3085 4233 sancte
3126 4166 3327 4236 finivit
3358 4167 3759 4239 admirabilis
3793 4171 3910 4238 iste

2626 4262 2929 4332 Praelatus
2962 4309 2981 4338 .
3034 4286 3262 4335 veram
3298 4281 3494 4357 atque
3536 4269 3900 4357 legitimam

2633 4358 2772 4431 else.
2878 4364 3196 4433 Attamen
3229 4380 3480 4436 certum
3501 4371 3628 4450 est,
3659 4391 3900 4459 perpe-

2632 4483 2776 4532 ram
2826 4462 2980 4530 illos
3024 4466 3445 4532 ratiocinatos
3486 4466 3669 4536 suiss‘e
3706 4523 3726 4550 ‚
3758 4491 3901 4538 non

2630 4559 3050 4630 observantes
3072 4613 3094 4646 ‚
3111 4564 3242 4630 fieri
3262 4559 3441 4652 poss'e
3470 4619 3492 4651 ‚
3515 4561 3703 4655 quod
3746 4563 3906 4635 San-

2637 4661 2781 4729 ‹stus
2801 4660 3075 4748 aliquis,
3119 4660 3292 4731 bona
3324 4665 3450 4732 fide
3491 4666 3902 4752 procedens,

2631 4753 2705 4827 iit
2730 4761 2833 4848 alij
2854 4758 3335 4844 homines‚salli
3378 4764 3595 4852 ponit,
3647 4766 3906 4853 praeser-

2629 4861 2755 4927 eim
2788 4861 2857 4926 in
2883 4855 3076 4927 fastis
3105 4913 3128 4946 ‚
3159 4861 3230 4928 in
3264 4884 3551 4949 quorum
3588 4868 3907 4954 perplexa

2628 4956 3065 5026 controverlla
3095 5014 3116 5044 ,
3154 4958 3614 5033 difficillimum
3671 4966 3759 5032 est
3793 4969 3910 5034 ve'·

2627 5078 2778 5126 rum
2809 5054 2846 5123 ἐι
2887 5054 3050 5126 falso
3093 5058 3461 5130 discernere
3512 5085 3535 5146 3
3605 5064 3675 5130 dt
3720 5059 3910 5151 quod

2631 5153 2995 5246 prophetiae
3035 5155 3286 5227 donum
3306 5212 3330 5242 ,
3366 5177 3562 5250 atque
3594 5159 3904 5232 discerni·

2630 5253 2857 5324 culum
2875 5306 2894 5332 ,
2922 5251 3063 5342 qus)
3091 5253 3329 5326 DEUS
3362 5253 3762 5349 quandoque
3799 5263 3907 5332 su-

2634 5374 2714 5420 os
2737 5354 3026 5422 honorat
3058 5354 3279 5425 servos
3299 5409 3320 5444 ,
3355 5379 3494 5429 non
3528 5357 3798 5448 sesnper
3839 5364 3909 5431 fit

2631 5455 2758 5522 fixa
2782 5452 2852 5520 ὅ(
2868 5449 3098 5522 stabilis
3118 5459 3320 5541 gratia
3338 5507 3359 5537 ‚
3403 5458 3484 5525 ad
3504 5457 3911 5548 dignoscen-

2635 5552 2788 5619 dam
2804 5551 3063 5642 semper
3090 5551 3493 5626 infallibilem
3525 5562 3910 5645 veritatem3

2634 5652 2748 5720 sed
2763 5653 2990 5722 lumen
3009 5655 3323 5721 duntaxat
3340 5656 3638 5726 tranliens
3659 5713 3681 5742 .,
3704 5680 3815 5728 eos
3835 5663 3907 5731 in

2633 5747 3026 5839 quibusdam
3043 5755 3240 5849 certis
3275 5753 3720 5828 oecassonibus
3760 5755 3909 5827 iuu‘-

2634 5852 2834 5918 straus
2857 5850 2964 5928 ,ἀ
2996 5853 3065 5919 in
3083 5851 3220 5941 alijs
3264 5856 3755 5946 circumstantiis
3792 5858 3915 5926 dea.

2631 5947 2840 6018 serens
2864 5951 2972 6034 ιὰ
3013 5949 3144 6017 luci
3176 5956 3453 6024 naturali
3489 5954 3918 6047 relinqueusss

2638 6050 2804 6118 dnm
2819 6050 2925 6133 via
2939 6051 3229 6122 naturali
3251 6051 3489 6146 affequi
3515 6052 3781 6147 poll‘unt
3805 6077 3915 6127 ve·

2637 6150 2923 6219 ritatem.

3773 6213 3922 6324 Hac
