4745 7357
1316 722 1807 864 schismate
1851 730 2425 847 Occidentis.
2475 735 2692 851 Lib.
2728 738 2799 843 I.

2124 917 2295 968 -mes
2322 895 2673 970 Albericus
2696 902 2787 972 de
2820 899 3131 978 Balbiano
3172 904 3416 997 §siber-
3482 908 3689 964 Annus

468 884 700 960 ''2⁰⁸¹‘'
754 906 1073 989 ‘tanquam
1098 893 1325 967 belluae
1359 894 1655 982 feroces,
1686 897 1761 965 in
1790 912 2033 969 omnes

486 982 538 1042 ’Ἰ
551 978 692 1054 373·
757 1000 1281 1068 ultramontanos
1300 996 1313 1081 ’ζ
1329 995 1563 1068 Romae
1596 1016 2027 1069 commoran-

759 1113 858 1167 tes
887 1098 953 1168 se
996 1101 1423 1188 conjecerunt
1452 1150 1474 1183 ,
1509 1095 1757 1186 absque
1797 1098 2023 1189 distin-

759 1200 987 1267 ctione
1035 1200 1235 1266 aetatis
1267 1242 1285 1273 ,
1315 1195 1497 1267 sextis
1522 1250 1543 1282 ‚
1588 1196 1656 1266 ὃ(
1688 1198 2023 1266 conditio-

758 1301 860 1368 nis
877 1352 898 1383 ,
921 1300 1119 1367 etiam
1134 1296 1372 1387 absque
1386 1295 1678 1388 respestu
1694 1297 1853 1366 sacri
1868 1299 2021 1367 cha-

752 1398 1027 1467 racteris
1061 1397 1489 1466 Praelatorum
1523 1418 1547 1480 3
1592 1394 1715 1464 hos
1732 1399 2022 1465 trucida·

759 1493 913 1566 bant
933 1550 954 1581 ,
978 1496 1124 1564 illos
1138 1495 1564 1565 vulnerabant
1580 1547 1602 1580 ,
1622 1497 1689 1565 ὃ(
1710 1498 1850 1584 poll
1872 1499 2020 1565 illa-

726 1610 852 1665 -·tas
880 1597 1252 1665 innumeras
1276 1598 1537 1686 injurias
1560 1648 1581 1679 ,
1609 1597 1812 1663 cosin
1832 1617 2019 1688 erga-

746 1696 915 1765 stula
949 1694 1418 1770 detrudebant,
1450 1692 1560 1763 ubi
1598 1695 1807 1782 longo
1841 1706 2023 1765 tein-

752 1816 925 1888 pore
956 1796 1346 1884 languentes
1373 1799 1441 1863 in
1466 1792 1730 1883 miseriis
1751 1806 1867 1864 eos
1903 1798 2018 1865 de·

736 1890 1072 1964 fluebant.
1142 1892 1446 1964 Maxime
1459 1910 1687 1963 autem
1702 1893 1884 1963 suam
1904 1914 2025 1979 exyu

741 2008 1038 2066 ‘tremam
1056 1991 1468 2064 effundebant
1488 1991 1759 2078 rabiem,
1772 1996 1844 2063 in
1862 2017 2020 2086 pau·

752 2112 944 2188 peres
964 2091 1381 2186 Presbyteros
1394 2093 1693 2165 Britones
1713 2134 1735 2176 ·‚
1750 2100 1858 2181 qui
1879 2096 2019 2165 Ro·

702 2244 703 2247 =
734 2218 880 2266 mac
908 2196 978 2261 iu
1013 2214 1262 2283 magno
1291 2214 1573 2263 numero
1598 2195 2021 2284 reperieban-

757 2309 864 2364 tur
898 2315 1025 2383 pro
1060 2292 1392 2385 beneficiis
1423 2290 1795 2365 obtinendis
1818 2351 1839 2383 ,
1868 2290 2020 2365 eoc-

738 2414 885 2485 que
919 2391 1058 2474 line}
1074 2394 1523 2462 misericordia
1581 2394 2018 2482 occidebant,

743 2495 1054 2582 'quamvis
1077 2493 1406 2563 Britannia
1429 2490 1775 2564 Urbanum
1791 2496 2049 2581 Ponti-p

744 2596 950 2664 'ficem
966 2595 1309 2683 agnoverit
1327 2649 1350 2673 ,
1386 2596 1540 2682 quia
1554 2590 1708 2665 Dux
1731 2595 1769 2681 J
1773 2616 2022 2664 oannes

751 2695 842 2760 de
866 2692 1182 2762 Monfort
1195 2746 1216 2776 ,
1235 2696 1349 2780 qui
1362 2693 1618 2779 Angliae
1633 2694 1979 2765 uniebatur
1996 2746 2021 2778 ‚

752 2795 960 2861 etiam
993 2812 1118 2882 pro
1144 2790 1423 2860 Urbano
1455 2791 1692 2879 stabat,
1728 2797 1800 2863 in
1836 2795 2021 2884 cujus

742 2889 1058 2964 savorem
1105 2889 1300 2979 Angli
1333 2889 1400 2958 se
1435 2893 1871 2963 declararunt.

857 2991 990 3062 Hic
1011 2989 1316 3060 Pontifex
1348 2988 1596 3059 interea
1630 2991 1815 3063 brevi
1842 2990 1906 3062 se
1945 2993 2017 3061 in

754 3087 946 3181 bono
975 3094 1137 3167 (latu
1169 3090 1451 3182 politum
1482 3092 1687 3178 vidit,
1721 3095 1889 3163 &ad
1906 3090 2020 3160 sua

744 3192 1159 3262 restauranda
1208 3193 1474 3275 negotia
1542 3192 1841 3261 animum
1906 3189 2019 3258 ad-

757 3294 975 3360 movit
997 3345 1021 3377 ,
1048 3310 1183 3380 ope
1215 3286 1376 3357 boni
1415 3289 1752 3360 Exercitus
1773 3345 1795 3375 ,
1816 3307 2021 3379 quem

746 3386 1147 3459 solertissime
1170 3387 1542 3478 conscripfit
1579 3435 1598 3465 .
1643 3389 1845 3480 quam
1885 3390 2020 3479 pri-

760 3484 954 3560 mitm
982 3489 1344 3573 intellexit,
1381 3487 1760 3559 Cardinales
1788 3504 2023 3557 contra

496 3589 828 3689 Pniffimse
869 3586 1095 3683 aperte
1140 3588 1527 3682 procedere.
1618 3584 2026 3680 compone-⁶

498 3688 947 3761 Blandin.batur
977 3693 1115 3782 ejus
1148 3689 1381 3758 militia
1414 3710 1497 3759 ex
1525 3693 1735 3779 copiis
1770 3688 1849 3760 ab
1880 3690 2019 3759 Im-

498 3775 701 3877 P¹⁴{³’⁸·
758 3808 1069 3881 peratore
1088 3785 1385 3858 submissis
1401 3842 1423 3873 ,
1444 3787 2020 3870 &inLombardia

497 3861 722 4003 gfff
726 3907 739 3919 ‘
757 3892 1139 3981 conscriptis
1171 3940 1193 3972 ‚
1231 3910 1313 3957 ex
1351 3892 1668 3958 veteranis
1699 3887 2020 3976 Legioni-

502 3966 738 4110 1121}ssss
759 3988 875 4059 bus
899 3989 1204 4060 Ductore
1223 3985 1484 4059 famoso
1504 3986 1603 4056 An
1607 3989 1720 4075 glo
1735 4004 1843 4055 aut
1862 3986 2020 4055 Vas-

499 4118 558 4170 ε.
571 4115 717 4175 Rich.
750 4111 927 4160 cone
962 4089 1217 4176 Joanne
1248 4089 1514 4157 Aucuto
1544 4142 1566 4172 ,
1600 4090 1711 4177 qui
1735 4090 1882 4177 post
1905 4108 2025 4176 pa-

508 4217 564 4255 2.
740 4211 906 4258 cem
950 4188 1390 4257 Britannicam
1425 4187 1621 4279 Alpes
1664 4188 1902 4276 tranlijt
1941 4181 2024 4254 ad

586 4295 590 4302 '
746 4287 1012 4358 servitia
1043 4288 1453 4358 Marchionis
1491 4283 2025 4358 Monferratenfis

756 4411 914 4458 cum
953 4383 1337 4458 cohortibus
1374 4387 1693 4477 plerisque
1737 4384 1866 4455 stne
1904 4386 2026 4455 ha-

767 4491 872 4557 stis
894 4543 915 4572 ,
941 4508 1097 4577 quas
1111 4475 1247 4573 seri)
1276 4490 1567 4551 venientes
1584 4483 2027 4575 appellabant.

758 4587 966 4658 Annis
997 4586 1254 4656 circiter
1286 4585 1569 4655 sedecim
1592 4602 1730 4654 tam
1760 4587 2027 4675 pr'aecla-

758 4709 836 4758 ra
867 4688 1119 4774 gessitin
1136 4683 1404 4774 servitiis
1430 4684 1828 4755 Pontificum
1863 4684 2030 4753 alio-

758 4780 1040 4876 tumque
1059 4785 1472 4875 Principum,
1490 4799 1688 4874 prout
1701 4784 1819 4853 sua
1837 4805 2029 4853 com·

762 4892 967 4959 moda
989 4883 1396 4977 postulabant
1411 4939 1432 4970 ,
1450 4900 1523 4952 ut
1551 4882 1666 4975 ipsi
1681 4886 1882 4952 etiam
1902 4881 2029 4952 lta-

763 4988 814 5060 li
845 4989 1240 5079 agnoverint
1259 5030 1276 5059 ‚
1311 4985 1378 5053 se
1413 4981 1492 5051 ab
1524 4985 1641 5053 illo
1667 4999 1882 5052 artem
1902 4985 2028 5053 mi-

763 5088 1037 5172 litandi,
1058 5105 1199 5177 quae
1227 5087 1298 5154 in
1329 5084 1511 5152 Italia
1537 5083 1755 5153 ferme
1790 5086 1920 5173 jam
1959 5105 2028 5151 e-

761 5189 1099 5259 xoleverat
1154 5239 1177 5271 ,
1222 5180 1650 5254 condidiciss‘e.
1725 5177 2033 5253 Ducebat

762 5290 1027 5360 circiter
1082 5300 1374 5375 quatuor
1421 5285 1623 5354 millia
1669 5281 2030 5368 hominum

763 5388 1207 5460 collectorum
1235 5405 1261 5463 3
1308 5383 1425 5454 sed
1444 5404 1610 5475 quos
1624 5380 2033 5452 beneinssru·

760 5492 857 5563 xit
889 5491 956 5559 ὅ(
976 5487 1251 5565 armavit
1286 5507 1310 5569 3
1356 5477 1642 5574 cumque
1668 5482 1929 5572 semper
1950 5485 2032 5550 il·-

762 5593 904 5659 lum
938 5589 1357 5669 sectaretur‘,
1420 5584 1745 5673 quisnam
1780 5581 2034 5654 sortem

762 5689 1071 5761 redderet
1098 5686 1449 5754 meliorem
1478 5697 1504 5767 ’5
1549 5680 1851 5754 Urbanus
1871 5730 1886 5757 ,
1920 5687 2034 5772 qui

767 5812 902 5883 pro
936 5787 1030 5858 sui
1064 5786 1564 5856 conservatione
1594 5784 1782 5855 nullis
1806 5805 2035 5871 parce-

770 5889 883 5960 bat
902 5882 1260 5979 sumptibus
1277 5884 1643 5966 ,Aucutum
1660 5880 1755 5953 ita
1789 5882 1893 5953 fibi
1913 5882 2034 5951 ob-

750 5992 1055 6076 noxium
1105 5986 1391 6056 reddidit
1420 6039 1442 6069 ,
1481 6004 1553 6055 ut
1573 5986 1640 6055 se
1666 5995 1818 6054 curn
1845 6003 2036 6052 exer-

774 6093 911 6163 citu
941 6088 1165 6183 Papali
1193 6085 1620 6177 coniunxerit
1636 6139 1656 6174 ‚
1677 6101 1879 6176 'quem
1894 6083 2037 6154 Co-

3331 768 3433 882 31

2132 995 2387 1084 nabat,
2419 1000 2493 1071 ἅ
2515 998 2690 1071 intra
2718 1016 2978 1094 tempus
3003 1004 3206 1077 breve
3235 1062 3257 1093 ,
3296 1024 3415 1078 co·
3486 994 3672 1068 1378·

2134 1098 2284 1190 pias
2300 1100 2561 1171 Italicas
2575 1106 2771 1173 armis
2797 1104 2867 1172 ἁ
2879 1106 3212 1197 disciplina
3221 1106 3407 1177 'adeo

2142 1193 2319 1269 bene
2352 1201 2648 1272 instruxit
2680 1252 2701 1288 ,
2750 1202 3103 1276 secundum
3150 1214 3361 1278 artem
3390 1261 3415 1296 ‚

2140 1319 2354 1387 quam
2382 1298 2464 1369 ab
2494 1301 2754 1393 Aucuto
2782 1303 3099 1397 didicerat
3122 1330 3144 1390 3
3185 1316 3419 1377 uttam-

2138 1398 2301 1468 'dem
2322 1397 2571 1487 Italiam
2594 1399 2676 1470 ab
2697 1406 3107 1494 opprcfli'one
3127 1401 3414 1474 Exterm-

2133 1512 2296 1569 ru‘m
2311 1552 2334 1580 ,
2358 1500 2548 1570 suam
2568 1489 2912 1573 fortunam
2947 1509 3415 1597 quaerentium,

2138 1595 2440 1687 gloriose
2470 1597 2882 1690 liberaverit,
2911 1601 3164 1698 eosque
3181 1606 3413 1682 senfi‘ffl

2138 1698 2317 1767 ultra
2348 1699 2543 1785 Alpes
2569 1704 2860 1793 ejecerit.

2236 1795 2544 1869 Urbanus
2574 1814 2781 1870 tantas
2815 1805 2980 1871 vires
3021 1802 3086 1873 se
3119 1806 3252 1896 iam
3293 1803 3414 1873 ha&

2140 1889 2303 1965 bere
2331 1898 2561 1969 videns
2583 1938 2606 1985 ·,
2633 1901 2927 1976 Romam
2962 1914 3115 1972 cu'm
3149 1906 3413 1975 tofo-Ef-
3501 1898 3508 1917 ‘

2139 1999 2396 2067 xercitu
2414 1999 2607 2089 redijt
2624 2051 2647 2082 ‚
2683 2000 2752 2069 dt
2770 1999 3001 2091 primo
3021 2000 3408 2073 suburbium

2140 2095 2369 2167 Sancti
2392 2097 2567 2168 Petri
2600 2103 2945 2190 occupavit
2984 2154 3007 2187 ,
3038 2099 3228 2172 facile
3259 2124 3419 2191 pro*-

2143 2197 2376 2287 ssigatis
2412 2199 2636 2289 paucis
2659 2195 3038 2270 Britouibus
3060 2202 3218 2291 ,qui
3255 2201 3324 2270 se
3345 2205 3415 2273 in

2137 2317 2231 2364 eo
2264 2299 2683 2367 muniverant
2713 2351 2736 2383 ,
2771 2314 2971 2390 atque
3010 2304 3080 2371 in
3114 2298 3417 2371 Castrum

2140 2394 2370 2467 Sancti
2416 2396 2655 2485 Angeli
2712 2417 3095 2489 receperunt
3138 2421 3161 2485 3
3221 2412 3414 2489 urge:-

2144 2490 2388 2586 batque
2438 2511 2757 2586 potenter
2793 2497 3201 2570 obsidionem
3240 2501 3417 2569 illius

2144 2593 2358 2666 Castri
2388 2591 2469 2664 ab
2502 2617 2642 2665 uno
2675 2595 2890 2667 ferme
2926 2621 3105 2669 anno
3140 2599 3422 2669 inchoa·-

2143 2706 2284 2765 tam
2299 2743 2317 2772 ,
2332 2688 2627 2785 illudque
2643 2694 2814 2766 intra
2825 2714 3092 2789 tempus
3104 2719 3245 2769 non
3265 2698 3418 2767 lon*-

2142 2817 2309 2887 gum
2343 2797 2414 2865 in
2447 2808 2774 2865 extremas
2815 2799 3042 2886 coe'git
3073 2799 3414 2882 angustias.

2143 2899 2581 2992 Qapropter
2593 2897 2931 2997 Exercitus
2949 2893 3407 2966 clementinus
3438 2910 3696 2991 profffim

2144 3000 2215 3065 in
2242 2998 2383 3073 eius
2411 2994 2787 3064 succursum
2815 2998 3084 3065 veniens
3106 3050 3128 3083 ,
3162 2994 3419 3066 obsedit
3443 3001 3498 3056 S·
3528 3003 3681 3063 Ant-l

2148 3094 2488 3164 Marinum
2515 3149 2536 3180 ,
2571 3115 2842 3185 parvam
2872 3090 3230 3165 Civitatem
3261 3117 3420 3185 qua·
3447 3087 3669 3179 3·,P·⁸³‘·

2143 3209 2305 3264 tuor
2333 3193 2537 3263 leucis
2569 3174 2790 3265 Roma
2816 3193 3170 3285 Neapolim
3203 3187 3420 3265 verlits
3444 3184 3546 3306 ἐξ·
3564 3168 3709 3309 ffb

2150 3292 2417 3361 diffitam
2450 3313 2473 3374 3
2517 3290 2601 3360 ne
2624 3291 2869 3383 atergo
2905 3293 3565 3392 relinqueret'lozcd'l·
3580 3270 3729 3406 ἐφ’,

2149 3415 2347 3479 cum,
2382 3395 2495 3481 qui
2514 3395 2605 3461 eia
2632 3413 2972 3464 annonam
3006 3396 3416 3484 praecludere
3437 3418 3476 3477 ι,
3500 3437 3556 3484 5,
3576 3415 3715 3476 1²1⁴.

2148 3507 2414 3583 poterat
2449 3513 2473 3570 3
2522 3492 2733 3560 velut
2769 3491 3277 3579 distraheret,&
3309 3497 3415 3562 eit·
3440 3505 3534 3562 ein.
3569 3506 3684 3561 Ar-

2146 3606 2251 3660 tra
2284 3588 2577 3659 Romam
2597 3590 2996 3683 prolicerent
3024 3591 3633 3675 Urbanistasggeweo
3661 3583 3705 3647 Ῑ*

2148 3708 2338 3761 metu
2368 3692 2712 3761 amittendi
2766 3696 3119 3764 stationem
3150 3689 3326 3762 adeo
3352 3691 3425 3760 {ik
3448 3676 3509 3731 ‘⁶

2147 3789 2216 3862 bi
2230 3789 2900 3884 necess‘ariam,ex·qua
2937 3795 3240 3862 inimicus
3255 3792 3427 3863 semh

2148 3913 2270 3982 per
2304 3891 2510 3981 usque
2535 3892 2616 3961 ad
2638 3907 2855 3981 portas
2881 3891 3080 3963 Urbis
3116 3903 3424 3962 excurre*

2149 4012 2225 4062 re
2241 4001 2527 4081 poterat.
2622 3989 3220 4078 Tandem,Comes
3235 3991 3432 4062 Albe·-

2156 4094 2327 4161 ricus
2344 4092 2430 4158 de
2448 4087 2730 4161 Albiano
2747 4098 2960 4183 paucis
2989 4095 3057 4161 in
3087 4103 3437 4182 oppugna-

2152 4192 2345 4263 tione
2370 4187 2581 4259 Castri
2632 4189 2853 4261 Sancti
2889 4192 3130 4282 Angeli
3155 4194 3435 4275 relidiis«,

2152 4311 2309 4360 cum
2328 4305 2481 4357 toto
2495 4289 2614 4358 suo
2635 4289 2937 4360 Exercitu
2955 4288 3173 4364 Roma
3204 4292 3312 4360 die
3333 4297 3432 4364 vi*-

2154 4388 2408 4482 gcfimo
2433 4389 2677 4458 octavo
2714 4391 2954 4478 Aprilis
2971 4390 3166 4459 exivit
3186 4446 3206 4476 ,
3230 4390 3426 4463 &sub

2156 4488 2500 4579 vesperum
2529 4490 2598 4556 in
2629 4490 2996 4581 conspectu
3027 4488 3271 4560 Marini
3317 4516 3429 4561 ca-

2161 4592 2286 4662 stra
2308 4604 2585 4656 metatus
2612 4590 2724 4657 est.
2826 4590 3079 4662 Comes
3119 4591 3201 4659 de
3220 4591 3436 4664 Mon-

2161 4691 2318 4782 joye
2350 4744 2374 4775 .,
2404 4687 2660 4759 hostem
2712 4693 2783 4759 in
2811 4691 2931 4760 suis
2975 4689 3245 4761 infirmis
3280 4713 3435 4761 mm·

2160 4788 2509 4871 nimentis,
2565 4812 2705 4880 quae
2739 4794 2808 4860 in
2822 4788 3224 4880 quibusdam
3258 4794 3425 4861 locis

2160 4885 2351 4960 facile
2380 4886 2668 4976 superari
2694 4893 3006 4981 poterant
3024 4945 3046 4976 ,
3079 4889 3430 4981 expectare

2162 4989 2428 5071 nolens,
2450 4990 2649 5056 etiam
2677 4993 2746 5060 in
2781 5006 3082 5082 apertum
3098 5011 3419 5078 campum

2162 5087 2278 5157 suo
2308 5109 2464 5155 cum
2494 5088 2801 5159 Exercitu
2835 5090 3084 5180 prodijt
3109 5091 3191 5157 ad
3221 5090 3429 5179 praeli·-

2165 5210 2284 5258 um
2306 5185 2660 5274 resolutus,
2693 5190 2775 5256 ad
2809 5187 2997 5277 quod
3025 5189 3389 5257 ineundum
3411 5243 3433 5275 ,

2165 5285 2370 5356 noste
2402 5287 2673 5359 durante
2706 5310 2852 5378 pars
2881 5302 3150 5376 utraque
3182 5288 3243 5356 se
3276 5291 3436 5377 prae-

2166 5383 2468 5478 parabat,
2489 5385 2558 5453 dt
2589 5390 2793 5455 altero
2826 5386 2935 5454 die
2952 5384 3219 5457 summo
3240 5383 3436 5456 mane

2171 5483 2375 5553 ambo
2399 5485 2742 5557 Exercitus
2774 5489 2842 5554 in
2867 5486 3006 5554 acie
3035 5485 3170 5556 hoc
3195 5487 3438 5557 ordine

2171 5583 2457 5674 dispofiti
2487 5600 3027 5675 comparuerunt.
3406 5585 3415 5600 “

2270 5682 2527 5753 Comes
2570 5683 2911 5755 Albericus
2948 5685 3314 5772 peditatum
3365 5684 3437 5752 in

2171 5783 2310 5851 duo
2342 5803 2582 5871 magna
2595 5786 2896 5874 quadrata
2913 5786 3115 5853 divisit
3128 5784 3392 5871 agmina
3411 5838 3433 5869 ‚

2144 5957 2147 5958 ⁷
2172 5883 2465 5973 equitatu
2491 5885 2560 5952 in
2575 5886 2692 5953 alis
2717 5885 2950 5955 dextra
2969 5886 3036 5953 ὅ(
3050 5883 3276 5952 sinistra
3295 5883 3436 5951 col'-

2172 5980 2918 6067 locato,itauthaecduo
2953 6004 3190 6074 magna
3221 5984 3434 6070 agmi-

2171 6103 2256 6158 na
2270 6083 2464 6156 veluti
2478 6084 2856 6185 duefdiverfi
2867 6084 3209 6156 Exercitus
3227 6084 3293 6151 in
3309 6102 3441 6151 una

3275 6186 3462 6258 stete·
