4745 7357
1252 786 1441 924 146

1016 953 1218 1013 Annus
1236 945 1603 1023 testaretun
1649 949 1869 1039 Atque
1885 941 1976 1018 ita
1994 943 2403 1020 horrendum
2419 971 2537 1040 ap·

1037 1051 1219 1119 ¹4¹9·
1236 1046 1506 1142 parebat
1526 1048 2349 1140 periculum,‘resuscitandi
2368 1050 2534 1119 schi·
2567 1127 2570 1134 ,

1234 1152 1460 1223 {matis
1483 1150 1598 1218 lon
1605 1143 1689 1241 ge
1710 1151 1990 1240 majoris
2012 1205 2035 1235 ,
2074 1149 2138 1218 ἁ
2157 1149 2537 1240 praeceden-

1239 1267 1304 1321 te
1350 1247 1830 1338 perniciofioris
1872 1274 1895 1335 3
1966 1249 2290 1341 liquidem
2346 1250 2535 1342 parvi

1240 1350 1552 1438 Tyranni
1588 1366 1789 1419 terras
1821 1349 2116 1419 Ecclcfiae
2152 1349 2534 1438 usurpantes

1239 1454 1308 1520 ia
1326 1448 1605 1520 Ditione
1632 1449 1965 1535 Perulina,
1990 1451 2059 1520 ἃ.
2089 1446 2534 1534 Bononienli,

1237 1554 1308 1622 in
1336 1549 1604 1621 Ducatu
1639 1548 2001 1644 spoletano
2031 1603 2055 1636 ,
2122 1549 2192 1619 ἀ
2229 1548 2536 1621 Marchia

1235 1652 1652 1724 Anconitana
1683 1705 1705 1737 ,
1756 1664 1954 1741 atque
2007 1652 2080 1719 in
2116 1647 2535 1720 Patrimonio

1241 1749 1462 1821 Sancti
1482 1751 1698 1834 Petri,
1716 1750 1840 1820 line
1864 1748 2239 1846 difficultate¹
2260 1772 2388 1841 pro
2421 1749 2535 1819 illo

1237 1850 1301 1920 se
1329 1847 1783 1937 declaraffent,
1818 1855 1893 1919 ut
1915 1846 2005 1918 ita
2033 1852 2103 1919 in
2135 1851 2241 1918 sua
2267 1851 2538 1940 usurpa-

1241 1953 1428 2021 tione
1448 2006 1471 2046 ,
1502 1953 1646 2042 ejus
1675 1947 1907 2020 favore
1922 1973 1997 2020 ac
2030 1953 2348 2036 nomine,
2383 1970 2536 2041 per-

1239 2065 1611 2122 manerent.

1343 2149 1670 2221 Tentatio
1753 2163 1892 2217 erat
1958 2147 2284 2238 profecto
2328 2150 2541 2220 vehe-

1240 2274 1432 2326 mens
1455 2308 1476 2337 ,
1507 2247 1869 2343 praesertim
1889 2269 2016 2338 pro
2048 2250 2326 2319 homine
2353 2305 2377 2336 ,
2423 2254 2539 2339 qui

1242 2351 1623 2422 ambitiosus
1643 2345 2061 2434 credebatur,
2103 2351 2173 2419 ὅ(
2192 2347 2365 2418 adeo
2385 2372 2540 2438 per-

1243 2456 1395 2523 ditae
1414 2449 1835 2519 conscientiae
1851 2501 1873 2533 ,
1899 2465 2036 2518 tam
2057 2447 2278 2518 severe
2299 2452 2542 2518 tracta·

1249 2567 1323 2623 to
1357 2575 1379 2637 3
1445 2553 1513 2621 &
1533 2550 1751 2641 ,quod
1767 2551 2048 2637 amplius
2066 2553 2150 2618 est
2170 2605 2191 2635 ,
2210 2551 2371 2619 dum
2389 2571 2545 2617 coa-

1244 2652 1551 2722 ctionem
1572 2669 1648 2716 ac
1680 2649 2067 2718 violentiam
2086 2705 2108 2735 ,
2144 2650 2327 2718 valde
2353 2651 2544 2741 plau-

1246 2748 1356 2822 libi
1365 2751 1509 2820 liter
1524 2762 1789 2843 poterat
1803 2764 2175 2838 praetexere.
2253 2748 2385 2819 Sed
2403 2766 2545 2818 tan-

1245 2851 1405 2920 dem
1421 2853 1758 2940 apparuit,
1789 2843 1976 2938 qubd
1994 2853 2103 2919 vel
2124 2866 2261 2918 tam
2289 2852 2549 2939 impro-

1246 2950 1369 3022 bus
1392 3007 1414 3036 ,
1440 2942 1511 3017 ut
1531 2947 1909 3033 dicebatur,
1932 2972 2273 3040 nunquam
2308 2947 2509 3018 fuerit
2523 2973 2546 3034 3

1242 3054 1356 3121 vel
1374 3045 1564 3143 quod
1597 3054 1664 3120 in
1689 3050 1930 3116 Virum
1961 3046 2155 3138 plane
2180 3051 2380 3118 alium
2399 3048 2545 3117 fue-

1245 3153 1332 3223 rit
1361 3165 1666 3220 mutatus.
1760 3145 2114 3237 Postquam
2142 3152 2322 3218 enim
2355 3150 2545 3216 audi·

1242 3250 1424 3321 viss‘et
1446 3253 1711 3331 omnia,
1753 3248 1821 3316 ἀ
1854 3243 2066 3338 probe
2097 3248 2546 3340 comprehen-

1251 3349 1434 3420 differ
1454 3401 1474 3434 ,
1506 3371 1649 3437 quae
1671 3348 1764 3416 illi
1797 3345 2183 3419 dicebantur
2206 3406 2225 3435 ,
2245 3351 2330 3418 de
2357 3371 2444 3417 eo
2459 3348 2544 3416 ad

1242 3450 1573 3520 thronum
1630 3447 2013 3516 reducendo
2049 3470 2072 3532 3
2160 3449 2298 3540 ipse
2347 3462 2543 3516 motu

1244 3550 1525 3644 proprio
1569 3542 1935 3644 derepente
1979 3548 2165 3616 aliter
2210 3552 2278 3617 in
2312 3551 2542 3616 animo

1252 3648 1475 3721 statuit
1492 3701 1511 3729 ,
1528 3647 1591 3715 ἅ
1607 3648 1728 3715 illis
1743 3649 2112 3737 periculosis
2134 3648 2306 3718 nihil
2320 3651 2542 3718 dicen·

1247 3755 1340 3822 do
1361 3749 1591 3818 amicis
1611 3802 1631 3832 ,
1652 3746 1840 3839 quise
1856 3743 2027 3816 adeo
2043 3749 2334 3819 solicitos
2367 3750 2452 3817 de
2467 3749 2543 3816 il-

1245 3853 1317 3921 lo
1345 3848 1696 3919 exaltando
1733 3844 2170 3935 exhibebant,
2201 3848 2375 3917 solus
2409 3847 2540 3917 fer-

1249 3974 1366 4023 me
1389 3950 1767 4018 florentiam
1788 3963 2104 4040 tanquam
2139 3970 2400 4041 pauper
2428 3948 2542 4018 fu·

1122 4132 1126 4137 ,
1252 4054 1495 4143 gitivus
1512 4047 1578 4116 se
1598 4046 1922 4133 contulit,
1955 4049 2128 4118 nulla
2160 4049 2387 4118 secum
2416 4069 2541 4139 pro

1252 4152 1594 4224 securitate
1607 4147 1872 4237 accepta
1898 4148 2229 4234 custodia,
2245 4150 2313 4216 ἀ
2327 4148 2410 4215 ad
2427 4170 2544 4239 pe-

1253 4255 1366 4322 des
1389 4249 1666 4320 Martini
1685 4246 2014 4319 Pontificis
2032 4253 2096 4319 in
2119 4252 2326 4340 pleno
2348 4242 2547 4316 Coetu

1252 4352 1611 4447 procidens
1647 4403 1669 4433 ,
1722 4368 1879 4417 eum
1957 4368 2280 4441 tanquam
2338 4348 2372 4432 J
2378 4345 2547 4427 ESU

1253 4453 1498 4527 Christi
1511 4448 1842 4518 Vicarium
1858 4453 2134 4538 agnovit
2155 4505 2176 4536 ,
2198 4449 2547 4517 &venera-

1252 4566 1357 4623 tus
1378 4552 1467 4620 est
1480 4606 1502 4636 ,
1521 4548 1901 4619 ratificando
1918 4549 2126 4618 rursus
2147 4552 2549 4638 omnia,quae

1255 4655 1327 4723 in
1345 4645 1653 4727 Concilio
1675 4647 1755 4715 de
1775 4648 1842 4717 se
1859 4701 1879 4734 ‚
1902 4652 1969 4719 ὅ(
1992 4652 2073 4720 de
2087 4651 2206 4721 illo
2221 4649 2551 4740 gestafue-

1252 4766 1427 4823 runt.
1476 4768 1481 4772 ’

1357 4847 1823 4941 Spectaculum
1841 4845 1972 4915 hoc
1989 4845 2357 4941 lachrymas
2370 4872 2451 4919 ex
2474 4872 2552 4919 o-

1261 4953 1423 5023 culis
1458 4952 1772 5018 omnium
1791 4949 2181 5016 adstantium
2200 4951 2519 5041 prolicuit
2534 5004 2557 5037 ,

1262 5053 1425 5120 dum
1473 5050 1709 5118 Virum
1761 5050 1977 5117 cordis
2016 5051 2385 5141 amplissimi
2419 5105 2441 5136 ,
2484 5052 2556 5122 dt

1257 5171 1461 5241 quem
1480 5148 1778 5231 universa
1797 5163 1971 5217 terra
1985 5150 2399 5237 adorabat,in
2414 5167 2555 5222 tam

1259 5248 1664 5321 lamentabili
1697 5251 1858 5318 statu
1887 5249 2175 5340 pofitum
2212 5255 2556 5337 viderent,

1257 5345 1470 5444 paulo
1488 5347 1680 5418 antea
1703 5352 1769 5417 in
1794 5350 2040 5418 eodem
2067 5351 2318 5424 throno
2340 5356 2559 5421 eleva-

1204 5464 1209 5473 ·
1264 5468 1410 5519 tum
1434 5505 1456 5535 ,
1495 5451 1560 5518 in
1594 5469 1729 5539 quo
1760 5446 2016 5519 sedebat
2053 5452 2411 5541 ille,qniei
2440 5450 2557 5541 ipfi

1264 5548 1615 5633 serviebat,
1661 5542 1948 5639 eumque
1973 5566 2284 5641 tanquam
2310 5550 2558 5621 Domi-

1267 5673 1437 5719 num
1466 5651 1532 5718 ἀ
1569 5648 1903 5718 summum
1942 5650 2338 5721 Pontificem
2355 5672 2572 5721 vene-·

1266 5748 1548 5820 rabatur.
1659 5747 1772 5818 Sic
1789 5754 1985 5819 etiam
2000 5750 2563 5823 Pontifex-Marti-

1268 5873 1416 5934 nus,
1431 5849 1734 5938 Princeps
1751 5850 2258 5938 humanissimus,
2283 5852 2401 5921 hac
2421 5856 2560 5943 ejus

1271 5946 1507 6020 misera
1521 5951 1912 6020 conditione
1928 5946 2014 6019 ita
2032 5969 2379 6044 permotus
2400 5953 2525 6023 fuit
2538 6006 2561 6039 ,

1277 6062 1352 6114 ut
1379 6047 1507 6137 ipse
1554 6051 1745 6116 illum
1776 6048 1815 6119 a
1850 6066 2017 6120 terra
2055 6053 2404 6121 elevaverit
2432 6107 2454 6138 ,
2491 6052 2563 6121 ἀ

1275 6166 1430 6219 cum
1446 6148 1810 6224 innumeris
1828 6150 2094 6222 affectus
2111 6155 2460 6227 tenerrimi
2491 6152 2566 6223 fi-

2227 777 2650 911 Historia
2674 768 2787 885 de
2807 777 3188 922 ll1agno
3265 791 3301 884 ,’
4209 923 4212 926 -

2657 944 3183 1039 gnificationibns
3200 999 3223 1033 ,
3266 934 3499 1016 omnia
3530 962 3673 1037 quat
3699 945 3960 1037 potuit,
3987 945 4186 1025 Annus

2660 1052 2954 1132 adeum,
2991 1050 3061 1117 in
3097 1049 3222 1117 hac
3256 1046 3550 1117 fortuna:
3589 1053 3965 1120 mutatione
3990 1064 4168 1132 14¹9·

2657 1150 3138 1219 consolandum
3157 1146 3390 1218 dixerit
3420 1147 3490 1215 ὅ(
3507 1146 3764 1217 fecerit.
3799 1149 3968 1219 Prae-

2658 1265 2961 1338 terquam
2983 1249 3166 1318 enim
3191 1303 3211 1334 ,
3229 1242 3419 1337 quod
3448 1269 3607 1318 eum
3647 1247 3964 1318 Cardina.

2661 1348 2896 1434 len1,&
2912 1347 3092 1418 Sacri
3109 1348 3393 1450 Collegij
3410 1345 3764 1418 Decanum
3785 1371 3965 1422 crea,

2660 1453 2872 1533 verit,
2898 1449 3115 1519 voluit
3147 1451 3397 1545 etiam}
3430 1463 3504 1517 ut
3543 1453 3613 1518 in
3648 1447 3966 1519 omnibus

2665 1543 3100 1641 Caeremonijs
3152 1547 3435 1642 publicis
3467 1601 3488 1631 ‚
3537 1552 3607 1618 in
3669 1547 3959 1639 Capellis

2668 1650 3023 1740 Pontificijs
3045 1655 3077 1738 ',
3107 1650 3176 1719 ἀ
3210 1647 3665 1738 Confistorijs‚
3697 1646 3969 1744 alijsque

2669 1744 2963 1821 Coetibus
2983 1751 3049 1820 ἀ
3085 1747 3734 1840 Congregationibus
3754 1803 3777 1835 ,
3802 1748 3972 1820 sem-

2663 1872 2792 1942 per
2813 1851 2937 1922 suae
2962 1848 3250 1940 personae
3284 1852 3629 1940 proximus
3647 1848 3972 1934 allideret,

2671 1953 2740 2019 in
2759 1951 2908 2020 sede
2923 1953 3175 2020 caeteris
3194 1945 3503 2021 omnibus
3522 1949 3753 2018 altiore
3771 2004 3791 2035 ,
3810 1966 3880 2019 ut
3899 1953 3969 2018 in

2673 2073 2760 2120 eo
2789 2048 3019 2121 saltem
3042 2047 3278 2122 umbra
3308 2050 3668 2140 Maiestatis
3696 2048 3970 2146 Pontifi-

2674 2153 2983 2242 ciae‚quae
3015 2153 3087 2220 in
3111 2174 3198 2221 eo
3219 2149 3606 2240 Ecclypsata
3636 2165 3769 2218 erat
3789 2204 3809 2233 ,
3848 2149 3973 2218 ho-

2671 2269 3053 2321 noraretur.
3147 2249 3274 2319 Sed
3309 2270 3453 2320 non
3488 2251 3599 2318 diu
3618 2244 3973 2320 hacimbe-
4093 2283 4098 2288 ·

2673 2353 2810 2421 cilli
2848 2351 3083 2420 fruitus
3116 2353 3203 2420 est
3231 2349 3686 2420 consolatione
3717 2405 3740 2435 ,
3770 2371 3974 2439 quam

2673 2452 2765 2521 illi
2796 2449 3177 2538 Benignitas
3209 2449 3550 2520 Pontificis
3583 2446 3926 2520 exhibebat
3956 2472 3972 2515 ε

2678 2573 2832 2622 nam
2869 2552 3022 2642 post
3055 2548 3163 2619 sex
3194 2549 3465 2619 Menses
3507 2566 3806 2619 mortuus
3842 2550 3973 2633 est,

2678 2652 2898 2742 major
2909 2672 2991 2718 ex
3007 2650 3115 2720 sua
3133 2648 3528 2738 depressione
3541 2653 3608 2721 dt
3627 2649 3974 2720 infelicita-

2667 2769 2743 2821 te
2772 2750 2960 2820 bono
2992 2749 3117 2818 suae
3147 2749 3535 2818 adverlitatis
3569 2750 3679 2821 usu
3714 2806 3733 2837 ,
3769 2745 3976 2840 quam

2675 2872 2980 2942 unquam
3012 2849 3121 2917 sua
3141 2848 3341 2918 fuerit
3361 2872 3441 2919 ex
3454 2850 3888 2940 prosperitate
3907 2850 3979 2918 in
4041 2926 4054 2931 ,

2663 2952 2988 3041 supremo
3007 2951 3550 3037 magnitudinum
3568 2951 3758 3042 hujus
3773 2970 3974 3017 mun-

2678 3055 2745 3120 di
2767 3051 3057 3137 fastigio.
3163 3048 3404 3120 Senior
3437 3045 3686 3119 Comes
3725 3051 3809 3119 de
3826 3046 3982 3117 Me-

2676 3155 2837 3221 dicis
2854 3153 3100 3218 amicus
3125 3151 3262 3238 ejus
3282 3151 3554 3220 intimus
3573 3205 3594 3235 ,
3614 3153 3681 3221 dt
3701 3149 3984 3241 opulen-

2674 3252 2938 3321 tissirnus
2958 3303 2980 3334 ,
3016 3249 3347 3336 &pariter
3377 3252 3792 3336 magnificus,
3829 3243 3981 3317 licet

2676 3355 2967 3444 privatus
2983 3400 3005 3433 ,
3022 3368 3160 3415 non
3176 3343 3392 3418 solum
3409 3354 3478 3421 in
3495 3349 3674 3420 Italia
3695 3403 3714 3435 ,
3730 3341 3970 3422 verum

2661 3456 2877 3521 etiam
2904 3450 2974 3518 in
3002 3462 3153 3515 toto
3172 3445 3431 3518 mundo
3453 3448 3748 3535 celeber,
3786 3449 3967 3519 Pon-

2661 3552 2875 3621 „huma
2897 3550 3036 3662 ejus
3056 3543 3376 3636 obsequia
3399 3548 3738 3621 honorare
3750 3550 3967 3620 voluit
3982 3589 4280 3663 033⁶„

2669 3646 3204 3739 funebripompa
3221 3702 3241 3731 ‚
3274 3670 3416 3738 quae
3430 3649 3754 3742 Majestati
3787 3651 3963 3722 Pon·
3980 3687 4042 3736 tn
4062 3673 4207 3756 glog-

2669 3749 2884 3820 tificali
2907 3748 3122 3818 ferme
3139 3767 3414 3838 parerat
3434 3805 3456 3836 ,
3487 3747 3682 3847 eique
3724 3755 3795 3820 in
3830 3756 3964 3824 Ec-

2659 3852 2857 3921 -clefia
2879 3848 3102 3919 sancti
3121 3847 3391 3933 Joannis
3413 3905 3434 3935 ,
3456 3850 3970 3943 superbissimum

2655 3953 2852 4041 erigi
2869 3948 3023 4019 fecit
3048 3966 3572 4020 monumentum
3607 3975 3630 4033 3
3679 3956 3866 4044 quod
3885 3972 3977 4024 ta-

2675 4074 2844 4120 men*
2872 4049 3046 4118 haud
3067 4049 3358 4139 adaequat
3377 4104 3398 4135 ,
3431 4051 3594 4121 illud
3613 4108 3633 4138 ,
3653 4057 3835 4144 quod
3865 4056 3978 4125 hic

2661 4149 2985 4221 rPontifex
3006 4150 3368 4238 posteritati
3389 4152 3648 4241 reliquit
3668 4207 3688 4238 ,
3708 4154 3829 4224 hac
3849 4177 3970 4243 po·

2678 4254 2912 4333 strema
2937 4250 3205 4317 actione
3227 4302 3249 4333 ,
3270 4248 3395 4339 qua
3424 4265 3562 4321 tam
3583 4252 3858 4324 heroice
3877 4255 3974 4324 se-

2652 4396 2666 4407 .
2679 4351 2895 4435 ipsum
2912 4403 2934 4435 ,
2964 4347 3438 4437 fortunamque
3453 4349 3628 4421 suam
3651 4405 3673 4436 ,
3695 4355 3760 4423 ἀ
3781 4350 3973 4425 subli-

2680 4455 2984 4521 mitatem
3024 4502 3044 4531 ,
3065 4448 3533 4537 paciEcclessae
3572 4452 3979 4528 sacrificavit:

2654 4551 2845 4620 -Hoc
2872 4550 3174 4637 elogium
3202 4550 3347 4640 jure
3381 4549 3808 4624 tribuendum
3842 4555 3967 4625 effe

2679 4653 2999 4721 duximus
3031 4646 3186 4718 huic
3202 4648 3365 4718 Viro
3384 4704 3405 4735 ,
3432 4655 3499 4721 in
3529 4670 3807 4745 utraque
3827 4654 3970 4725 for·
4027 4685 4034 4707 ι

2679 4768 2838 4821 tuna
2860 4748 3137 4834 celebri,
3174 4750 3332 4818 dum
3351 4753 3658 4842 plerique
3687 4759 3974 4845 scripto-

2680 4873 2782 4921 res
2798 4906 2820 4938 ,
2836 4866 2977 4919 tam
2994 4850 3429 4919 protestantes
3447 4851 3649 4941 quam
3671 4853 3975 4924 Catholi-
3997 4918 4007 4941 ,

2686 4954 2769 5036 ci,
2787 4973 2943 5020 cum
2959 4952 3181 5021 nimio
3195 4952 3383 5021 illum
3401 4953 3682 5024 tractant
3695 4956 3923 5041 rigore
3941 5009 3964 5040 ,
4053 5038 4064 5043 ,

2685 5050 2771 5122 ne
2802 5053 3094 5119 dicamus
3129 5051 3438 5138 injustitia
3473 5107 3496 5139 ,
3524 5057 3973 5146 exponendo,

2682 5169 2881 5241 atque
2916 5154 3116 5220 etiam
3156 5155 3619 5241 exaggerando
3656 5209 3678 5240 ,
3727 5176 3806 5222 ex
3846 5174 3980 5221 una

2680 5269 2872 5345 parte
2892 5304 2912 5335 ,
2930 5272 3134 5321 omne
3149 5255 3403 5320 malum
3432 5256 3489 5323 ei
3511 5253 3935 5323 attribuendo
3953 5303 3977 5336 ,

2685 5353 2873 5443 quod
2887 5349 3050 5420 fecit
3065 5405 3084 5437 ,
3101 5353 3169 5421 ἀ
3186 5350 3400 5422 forsan
3423 5360 3617 5424 etiam
3641 5344 3979 5441 quodnon

2685 5452 2847 5521 fecit
2875 5506 2897 5537 ,
2937 5447 3167 5545 illique
3198 5447 3369 5522 falso
3408 5451 3787 5523 adscribitur
3820 5476 3843 5537 ς
3892 5473 3978 5521 ex

2687 5554 2884 5621 altera
2926 5547 3093 5620 verb
3117 5554 3417 5643 praeclara
3436 5556 3503 5623 ὅ(
3523 5553 3788 5623 heroica
3805 5556 3979 5645 gesta

2687 5651 3199 5741 supprimendo,
3236 5676 3419 5742 quae,
3457 5655 3558 5724 uti
3586 5654 3930 5726 retulimus
3952 5707 3975 5736 ,

2691 5768 2924 5822 contra
2942 5756 3208 5843 propria
3225 5757 3587 5825 commoda
3607 5811 3629 5845 ,
3646 5753 3980 5827 &sensum

2661 5896 2674 5903 -
2690 5851 2949 5921 doloris
2956 5851 3132 5941 geffit
3155 5906 3179 5937 ,
3196 5868 3267 5921 ut
3288 5875 3524 5944 pacem
3540 5858 3846 5928 redderet
3859 5855 3988 5922 Ec·

2692 5952 2910 6024 clefiae.
3015 5952 3122 6022 Sic
3138 5955 3343 6041 igitur
3361 6010 3383 6040 ,
3412 5961 3764 6048 postquam
3786 5955 3984 6040 Joan-

2697 6050 3278 6143 nes&Gregorius
3314 6053 3783 6133 Pontificatum
3817 6079 3985 6146 prac-

2692 6154 2980 6229 tendere.
2997 6177 3138 6225 non
3157 6150 3415 6252 petrem
3429 6211 3453 6244 ,
3486 6157 3558 6229 ἀ
3575 6157 3843 6232 nonnisi
3861 6180 3992 6229 uua

3823 6256 3992 6328 Pen-
