4745 7357
1438 826 1939 964 Schifinaete
1966 838 2538 961 Occidentis.
2575 835 2760 951 Lib
2793 846 2866 962 Ι.

540 994 739 1057 hm*
810 995 877 1065 ἀ
899 999 984 1068 ad
999 1001 1264 1071 novum
1286 999 1627 1073 conclave
1651 1001 1797 1073 illos
1815 1000 2081 1074 invitas-
3369 885 3482 971 2¹

744 1100 753 1106 .
2200 1005 2378 1077 Nam
2409 1002 2741 1077 Robertus
2791 1004 3156 1081 Garamans
3201 1004 3472 1091 Ceben-
3535 1032 3744 1090 Annua

558 1083 741 1157 ⁸378·
806 1098 1261 1191 sent,fingulis
1292 1104 1549 1172 seorlim
1582 1104 1651 1173 ἀ
1680 1100 2077 1174 secretomi-
2198 1107 2405 1180 nenfis
2424 1107 2732 1198 suffragiis
2772 1111 3081 1177 omnium
3104 1112 3475 1181 ultramon-
3553 1119 3732 1194 1378.

804 1199 1024 1269 serunt
1043 1203 1385 1292 epistolam
1416 1256 1441 1286 ,
1473 1200 1599 1291 qua
1632 1202 2077 1290 unusquisque
2195 1224 2509 1283 tanarum
2528 1205 2834 1279 Pontifex
2856 1209 3104 1276 electus
3138 1213 3226 1281 ess
3249 1211 3354 1280 die
3385 1215 3479 1280 vi-

804 1296 1206 1370 mouebatur
1221 1301 1604 1373 conclusum
1627 1297 1747 1369 effe
1764 1354 1786 1385 ,
1803 1303 1985 1369 illum
2002 1306 2077 1371 in
2195 1307 2443 1395 gelimo
2466 1307 2756 1396 ejusdem
2777 1306 3043 1386 Meufis,
3064 1308 3130 1377 ἀ
3159 1331 3352 1378 more
3369 1311 3475 1378 so-

798 1399 1188 1512 Pontificem
1210 1401 1582 1491 eligendum
1607 1455 1629 1486 ,
1647 1403 1687 1471 fi
1709 1419 2070 1491 quantocy-
2196 1407 2319 1475 lito
2333 1404 2993 1494 adoratus,affumpto
3015 1410 3296 1476 nomine
3320 1408 3484 1477 Cle·

801 1519 875 1566 us
889 1499 1130 1570 Fundis
1142 1504 1607 1591 comparuerit.
1709 1500 1773 1567 N
1777 1505 1796 1569 i
1808 1503 2074 1583 liilomi-
2186 1509 2435 1576 mentis
2455 1505 2601 1575 VII.
2622 1524 2818 1596 atque
2843 1508 2907 1572 in
2931 1525 3170 1592 magua
3197 1507 3484 1577 Ecctessa

797 1592 918 1668 niis
937 1601 1247 1670 instanter
1266 1598 1670 1689 rogabantur
1707 1600 2069 1691 finguli,de
2122 1623 2134 1638 '

795 1700 1138 1768 arctissimo
1162 1701 1415 1769 secreto
1435 1700 1776 1783 servande,
1800 1698 1886 1769 ne
1910 1701 2075 1769 alio-

800 1802 912 1887 qui
934 1800 1316 1887 reliquiduo
1382 1801 1515 1870 hoc
1537 1822 1850 1869 arcanum
1884 1798 2077 1869 resci-

796 1915 1016 1982 entes,
1050 1902 1116 1968 ὅ(
1137 1897 1503 1970 exclusione
1518 1898 1882 1986 suiirritati,
1935 1901 2074 1968 ele·

799 1997 1509 2089 &ionemlconceptam
1524 2005 1621 2070 im
1629 2002 1955 2089 peditent..

818 2150 831 2157 -
902 2095 1082 2169 N1hil
1099 2102 1307 2188 magis
1323 2103 1641 2169 idoneum
1660 2102 1797 2183 est,
1847 2096 2072 2167 adsal-

800 2195 1067 2267 lcndum
1084 2199 1436 2271 homiuem·
1450 2254 1474 2284 ,
1492 2216 2074 2289 quantumcunque

791 2295 1102 2369 solertem
1136 2353 1161 2384 ,
1197 2299 1264 2368 ἃ
1292 2298 1589 2386 sagacem
1619 2351 1640 2382 ,
1673 2294 1876 2386 quam
1911 2318 2074 2387 pro-

791 2399 931 2486 pria
951 2398 1062 2466 sua
1078 2399 1295 2488 passi0,
1308 2399 1651 2489 quasillum
1667 2395 1844 2467 adeo
1864 2419 2071 2465 exea:-

786 2513 934 2581 cat,
957 2515 1029 2565 ut
1058 2520 1200 2568 non
1230 2518 1453 2568 cernat
1489 2500 1560 2568 id
1581 2552 1603 2577 ,
1634 2499 1820 2585 quod
1854 2489 2072 2564 minus

744 2680 751 2689 ἶ
789 2595 1194 2666 illuminatos
1218 2619 1358 2666 non
1373 2600 1652 2682 lateret,
1680 2590 2077 2685 apraeoccm

793 2701 1063 2784 patione
1080 2701 1280 2767 animi
1304 2698 1561 2770 liber-os.
1614 2697 1885 2765 Horum
1906 2696 2070 2764 ‘Car-

790 2796 1114 2864 dinalium
1145 2796 1463 2885 ambitio,
1498 2802 1564 2869 &
1596 2798 1823 2865 ardens
1844 2795 2066 2865 Ponti-

792 2895 1015 2965 ficatas
1046 2897 1449 2969 sdelicierium
1483 2952 1505 2983 ,
1549 2893 1640 2966 ita
1675 2915 1970 2981 mentem
2000 2894 2073 2963 ὅ(

792 2996 1031 3065 'oculos
1070 2996 1423 3084 splendore
1450 2996 1673 3065 Tiarae
1706 2997 2076 3088 perstrinxit

791 3119 956 3164 cum
974 3093 1130 3164 falsa
1151 3097 1264 3186 spe
1277 3099 1403 3167 'illis
1430 3098 1628 3181 data,
1655 3113 1733 3164 ut
1758 3095 1845 3164 ab
1876 3095 2073 3162 omni

785 3196 928 3265 alio
950 3194 1223 3265 *discurris
1242 3201 1323 3266 de
1335 3221 1412 3265 :re
1424 3213 1563 3265 tam
1586 3195 1864 3267 delicata
1882 3248 1909 3278 ,
1926 3216 2066 3281 quae

786 3295 919 3364 iuis
930 3298 1151 3383 plures
1164 3294 1256 3365 ob
1279 3295 1502 3365 causans
1516 3291 1763 3363 merito
1783 3293 2072 3382 suspecsta

788 3393 1406 3485 elsepoterat,caec³e
1420 3399 1485 3462 in
1498 3394 1805 3482 laqueum
1823 3413 2074 3481 expan-

786 3496 939 3565 sum
955 3498 1331 3564 inciderint.
1402 3496 1615 3581 Atque
1632 3489 1722 3560 ita
1744 3489 2075 3579 unusquis·

794 3598 1068 3687 que'jam
1091 3595 1153 3664 se
1172 3596 1419 3684 Papam
1440 3589 1564 3662 effe
1584 3592 1896 3676 credens,
1929 3590 2072 3657 vul-

796 3691 1075 3783 tumque
1094 3695 1477 3764 diffiiuulaus
1494 3692 1667 3777 ,satis
1686 3690 2073 3760 amoeniico-

798 3796 1044 3865 moedi-:1
1074 3849 1095 3881 ,
1130 3793 1227 3874 ue⁶
1253 3796 1613 3882 quidquam
1642 3790 1784 3859 suus
1815 3805 2072 3858 notaret

800 3895 1085 3986 Collega
1102 3949 1121 3978 ,
1157 3898 1362 3984 quiex
1382 3910 1562 3981 parte
1581 3889 1684 3958 sua
1697 3892 1875 3958 idern
1893 3890 2071 3958 solli·

796 3995 924 4066 cite
945 3994 1177 4086 agebat
1197 4018 1217 4073 ς
1248 3995 1318 4060 ὀ(
1338 4014 1572 4061 omnes
1592 4008 1716 4056 tres
1734 3991 1799 4059 in
1828 3988 1933 4056 sua
1955 3989 2071 4056 de-

795 4097 1221 4179 liberatione,
1254 4098 1317 4161 in
1345 4094 1653 4166 eamdem
1685 4086 2071 4157 senteutiam

794 4201 944 4290 post
979 4197 1145 4296 hanc
1182 4196 1488 4262 ultimam
1537 4190 2075 4258 sollicitationem

796 4294 1307 4378 consenserunt,
1324 4315 1399 4360 ac
1434 4296 1707 4361 demum
1734 4287 2073 4355 concluse-

793 4417 984 4478 runt,
1009 4397 1415 4480 junctionem
1446 4416 1597 4461 cum
1624 4387 2074 4456 Ultramonta-

798 4504 897 4568 nis
919 4493 1216 4566 fratribus
1259 4495 1389 4562 suis
1427 4489 1954 4581 amplectendam
1983 4485 2075 4553 es-

797 4598 897 4680 se,
946 4598 1053 4684 qui
1087 4597 1226 4679 plus
1246 4590 1448 4682 quam
1467 4592 1620 4660 duas
1652 4606 1867 4676 partes
1898 4586 2105 4655 Sacri*

807 4698 1089 4784 Collegi]
1109 4697 1481 4762 conficiunt.
1573 4692 1641 4757 H
1647 4713 1721 4755 ac
1739 4687 2076 4754 resolutio-

805 4822 893 4869 ne
914 4796 1078 4865 faeta
1093 4851 1116 4880 ,
1139 4793 1407 4862 Fundos
1439 4790 1677 4860 Mense
1696 4784 2074 4874 Septembri

808 4900 1251 4976 advenerunt,
1286 4888 1395 4960 ubi
1418 4882 1760 4979 magnifice
1782 4886 1819 4954 a
1836 4886 2075 4953 Cardi-

805 4997 1053 5069 nalibus
1081 4994 1343 5080 excepti
1368 4989 1728 5072 fuerunt,&
1748 4985 1785 5054 a
1807 4984 2078 5066 Comite

808 5097 1137 5188 Caietano
1160 5149 1180 5176 ,
1218 5093 1334 5181 qui
1354 5091 1457 5170 {eis
1478 5093 1544 5157 iu
1570 5085 1915 5155 occursum
1936 5086 2077 5152 exi-

808 5213 1033 5268 verant
1054 5250 1075 5279 ,
1093 5189 1344 5280 eosque
1364 5195 1431 5257 iu
1454 5190 1770 5256 Palatium
1797 5187 1908 5269 ,in
1938 5206 2075 5273 quo

806 5295 1008 5389 paulo
1044 5297 1184 5384 post
1224 5311 1458 5359 eorum
1489 5292 1847 5358 adventum
1889 5284 2076 5353 Con-

806 5403 987 5467 clave
1010 5413 1310 5483 paratum
1333 5406 1470 5459 erat
1491 5440 1513 5471 ,
1530 5389 1957 5455 deduxerunt.
1985 5381 2079 5449 lbi

808 5494 1033 5588 primo
1084 5498 1514 5562 decreverunt
1561 5541 1584 5570 ,
1646 5485 2077 5556 Ele-&ionem

808 5621 935 5689 per
957 5596 1331 5662 scrutinium
1354 5585 1474 5657 effe
1491 5585 1945 5654 instituendam
1965 5636 1986 5668 ,
2009 5597 2081 5649 ut

806 5698 1046 5785 majori
1075 5716 1229 5761 cum
1248 5690 1542 5759 libertate
1562 5684 2037 5774 procederetur
2057 5704 2080 5766 ς

806 5801 961 5867 dein
979 5783 1258 5861 sedecim
1285 5786 1697 5867 Cardinales,
1732 5803 1970 5851 omnes
1987 5784 2085 5849 vi-

809 5899 1078 5974 delicet,
1107 5892 1223 5977 qui
1256 5904 1417 5957 tunc
1457 5890 1521 5955 iu
1550 5888 1577 5955 1
1585 5887 1741 5953 talia
1782 5882 2079 5964 aderant,

812 5998 895 6079 ad
913 5991 1185 6063 ferenda
1200 5988 1484 6074 suffragia
1511 5983 1953 6075 processerunt
1974 6004 1994 6065 ;
2013 5981 2081 6049 dt

812 6117 978 6166 mox
998 6098 1067 6159 in
1090 6092 1311 6177 primo
1338 6089 1648 6156 scrutinio
1690 6103 1820 6153 tres
1852 6079 2083 6149 Cardi-

812 6198 988 6268 nalcs
1003 6189 1235 6277 Itali,se
1249 6189 1361 6259 sua
1373 6186 1478 6278 spe
1493 6185 1751 6254 delusos
1765 6182 2083 6250 viderunt.

2194 1608 2324 1676 ritu
2356 1603 2634 1674 solemni
2673 1621 3031 1676 coronatus
3052 1657 3074 1689 ,
3097 1609 3162 1673 in
3198 1607 3484 1694 praefen-

2197 1701 3484 1790 tiaDueisothonisBrunsviceufls,P1-in-

2199 1806 2358 1894 cipis
2409 1803 2785 1889 Tarentini,
2817 1803 3238 1892 Legatorum
3270 1806 3480 1894 Regi·

2195 1928 2299 1977 nae
2414 1902 2683 1990 Joannae
2783 1952 2805 1988 ,
2866 1904 2934 1970 ὅ(
3004 1904 3486 1995 plerorumque

2075 2048 2079 2053 ·
2195 2005 2408 2091 Regni
2430 2001 2857 2093 Neapolitani
2889 2002 3330 2092 optimatum.
3381 2052 3415 2077 -÷

2220 2140 2223 2143 >
2300 2102 2592 2175 Maximi
2637 2105 2843 2170 animi
2889 2118 3030 2169 erat
3090 2103 3202 2171 hic
3263 2123 3481 2174 novus

2195 2200 2518 2295 Pontifex
2544 2256 2566 2286 ,
2584 2204 2814 2270 omnia
2835 2216 3273 2271 contemnens
3307 2205 3490 2293 peri·'

2195 2304 2341 2370 cula
2363 2303 2446 2370 ad
2479 2317 2694 2391 coepta
2716 2302 2919 2369 semel
2939 2294 3286 2387 inchoata,
3317 2323 3487 2372 con·
3573 2323 3582 2331 “

2197 2404 2436 2475 stanter
2468 2397 2946 2491 prosequenda:
2996 2421 3078 2469 ex
3112 2403 3486 2489 quostiam.

2199 2503 2465 2571 motivo
2491 2553 2513 2585 ,
2552 2501 3072 2584 ultramontani,
3100 2499 3331 2588 quibus
3355 2522 3483 2570 no-

2196 2617 2304 2670 tus
2323 2617 2460 2669 erat
2476 2653 2500 2685 ,
2518 2620 2762 2668 omnes
2782 2622 2912 2667 una
2943 2619 3113 2667 voce
3129 2602 3323 2668 illum
3344 2598 3482 2668 ele·

2199 2715 2438 2789 gerunt
2453 2751 2477 2782 ,
2497 2698 2797 2786 persuali,
2822 2700 3165 2768 neminem
3186 2699 3386 2768 alium
3407 2697 3481 2766 il·

2200 2797 2273 2867 1ὁ
2292 2800 2502 2886 magis
2519 2798 2838 2868 idoneum
2857 2794 3113 2884 effe‚qui
3133 2796 3313 2866 suam
3335 2819 3480 2866 me-

2199 2894 2328 2967 lius
2375 2894 2527 2966 effet
2557 2915 2792 2966 contra
2825 2896 3173 2966 Urbanum
3207 2898 3482 2966 electio-

2198 3020 2361 3067 nem
2383 3000 2477 3065 tui
2490 3014 2668 3064 turus
2693 3021 2710 3065 ε
2750 2996 2816 3064 &
2839 3001 2995 3085 quia
3013 2997 3114 3064 vel
3134 3002 3480 3084 cognatio·
3538 3057 3547 3067 ,

2199 3098 2450 3182 ne,vel
2479 3095 3052 3164 confoederatione
3085 3095 3488 3183 conjunctus

2196 3214 2339 3265 erat
2358 3217 2516 3264 cum
2555 3197 2873 3285 plerisque
2913 3193 3324 3283 Principibus
3352 3195 3518 3270 Em,

2197 3316 2383 3387 ropae
2400 3347 2424 3378 ,
2443 3293 2821 3377 credebant,
2837 3289 2957 3360 hac
2974 3295 3293 3382 peculiari
3315 3315 3482 3377 conf

2198 3394 2587 3463 fideratioue
2610 3390 3008 3477 futurum,ut
3024 3412 3150 3483 pro
3165 3393 3280 3460 illo
3299 3393 3488 3461 Prin-

2197 3498 2375 3584 cipes
2395 3492 2487 3561 isti
2502 3493 2562 3561 se
2580 3495 3007 3561 declararent.

2301 3592 2431 3662 Sed
2454 3613 2594 3660 nou
2619 3590 2709 3660 ita
2726 3590 2968 3660 evenit.
2993 3586 3285 3658 Tametst
3306 3588 3488 3659 enim

2201 3695 2409 3763 statim
2435 3696 2580 3783 post
2611 3692 2780 3760 hanc
2812 3692 3215 3760 elecstionem
3248 3687 3528 3784 Cardig

2199 3796 2379 3861 nales
2401 3792 2769 3882 scripserint
2788 3792 2869 3860 ad
2894 3789 3488 3875 omnesPrincipes,

2203 3895 2272 3959 ὃ(
2290 3895 2374 3959 ad
2397 3913 2637 3959 omnes
2667 3888 2922 3959 Fideles
2941 3944 2963 3975 ,
2984 3884 3230 3976 eosque
3269 3886 3485 3956 infor-

2200 3995 2524 4060 maverint
2542 3992 2624 4058 de
2644 3989 3127 4077 omnibus,quae
3148 3985 3319 4072 gesta
3343 3987 3490 4073 fuc-

2200 4107 2355 4159 runt
2375 4089 2628 4175 Romae,
2648 4089 2956 4179 Anagnia:
2975 4089 3044 4156 ὅ(
3060 4083 3486 4175 Fundisfflrov·

2201 4193 2495 4260 testando
2514 4188 2774 4280 semper
2791 4241 2814 4273 ,
2833 4187 3176 4256 Urbanum
3199 4206 3334 4252 uon
3359 4186 3488 4256 nisi

2202 4311 2322 4381 per
2343 4289 2771 4358 coastionem
2796 4289 3161 4357 violentam
3184 4283 3483 4356 electum

2201 4384 2383 4460 fuiffe
2407 4411 2425 4456 τ
2448 4395 2599 4475 quia
2621 4405 2840 4456 tamen
2863 4389 2992 4476 jam
3016 4380 3226 4474 spatio
3249 4401 3482 4470 quatum

2205 4512 2285 4558 or
2319 4486 2647 4555 Menfium
2671 4491 2809 4575 'pro
2846 4507 3004 4553 vero
3056 4480 3368 4570 Pontifice
3395 4480 3477 4556 ab

2204 4590 2433 4679 ijsdem
2460 4587 2530 4656 <St
2573 4587 2713 4675 alijs
2751 4582 3060 4654 omnibus
3090 4579 3483 4672 agnosceba-

2205 4705 2312 4756 tur
2328 4741 2350 4770 ,
2369 4678 2728 4757 secundum
2752 4688 3000 4774 priores
3019 4685 3255 4752 litteras
3274 4733 3293 4767 ‚
3325 4704 3484 4774 quas

2208 4787 2303 4857 illi
2338 4783 2465 4877 ipsi}
2484 4789 2566 4855 de
2589 4785 2691 4853 illa
2725 4782 3108 4875 scripserant
3152 4779 3355 4850 libera
3414 4782 3481 4858 ὃς

2207 4885 2555 4955 (ἳειυοηίεὲι
2570 4884 2901 4954 electione
2937 4908 2959 4967 ς
3009 4878 3162 4950 ideo
3181 4876 3482 4950 subiuiti·

2208 4983 2903 5069 um,nemoClementi
2919 4979 3305 5064 adhaerebat,
3313 5003 3479 5071 prae-

2206 5080 2964 5171 terJoannamReginam
2979 5079 3483 5170 Neapolitanam

2207 5207 2363 5254 cum
2380 5185 2497 5253 suo
2518 5183 2757 5272 Regno
2776 5234 2797 5263 ,
2817 5181 3233 5250 Provinciam
3254 5234 3274 5265 ‚
3301 5175 3481 5250 Ave·

2207 5288 2485 5356 nionem
2507 5287 2614 5369 ,Ἐξ
2630 5282 2742 5349 sex
2759 5279 3133 5366 Cardinales
3155 5329 3174 5365 ,
3208 5300 3376 5367 quos
3396 5274 3488 5345 ibi

2210 5384 2578 5473 Gregorius
2617 5384 2985 5470 reliquerat.
3050 5378 3138 5446 Et
3177 5377 3482 5466 quamvis

2206 5485 2333 5554 alia
2352 5483 2680 5572 quaepiam
2700 5482 2929 5568 Regna
2947 5531 2969 5562 ,
3005 5477 3363 5561 Provinciae
3384 5492 3480 5544 at-

2208 5603 2346 5673 que
2364 5580 2680 5650 Nationes
2699 5582 2965 5649 tandem
2983 5599 3109 5668 pro
3129 5576 3485 5662 Clemente

2214 5683 2279 5752 se
2310 5680 2770 5749 declaraverint
2811 5734 2833 5765 ,
2885 5694 3081 5768 prout
3112 5681 3178 5747 in
3207 5678 3487 5752 decursu

2213 5782 2520 5852 Historiae
2542 5781 2712 5847 istius
2730 5777 3056 5847 videbitur
3085 5828 3106 5858 ‚
3144 5776 3358 5859 major
3388 5790 3482 5848 ta-

2215 5901 2372 5951 men
2392 5901 2542 5969 pars
2561 5874 3101 5947 Orbistristiani
3117 5874 3489 5952 constanter.

2217 5982 2288 6050 iu
2308 5978 2688 6048 obedientia
2710 5976 2960 6047 Urbani
2987 5968 3354 6065 permanfit.
3397 5974 3494 6042 Ee
3593 5965 3602 5976 ’

2215 6080 2353 6149 haec
2369 6081 2456 6147 est
2475 6081 2949 6167 ratio-,propter
2968 6096 3165 6164 quarn
3185 6074 3292 6144 hic
3309 6057 3482 6154 Poni-

2221 6177 2338 6345 tige
2346 6180 2478 6367 '‘3&
2498 6177 2890 6250 successores
2923 6179 3060 6267 ejus
3080 6177 3150 6242 in
3183 6173 3500 6338 catalogi·
