4745 7357
1080 879 1285 941 Annua

1362 709 1491 819 32

1356 838 1647 906 steterint
1676 834 1853 905 linea
1880 830 1915 925 ζ·
1938 855 2079 911 non
2106 833 2296 915 facile
2338 839 2628 931 perfrin-

1348 1032 1588 1121 cebat„;
1647 1035 1715 1103 ἁ
1743 1030 1897 1105 cum
1917 1059 2044 1128 pro
2073 1040 2288 1129 gloria
2330 1040 2458 1117 suae
2484 1037 2623 1112 Na-

1348 1136 1551 1203 tionis
1569 1136 1755 1203 valde
1773 1136 2016 1206 zelaret
2038 1192 2059 1223 ‚
2076 1140 2393 1212 finistrum
2427 1161 2618 1215 com-

1340 1233 1513 1305 mifit
1539 1232 1852 1304 Galeacio
1888 1237 2140 1327 Pepolo
2161 1293 2183 1326 ,
2200 1242 2420 1324 magni
2439 1240 2617 1329 apud

1341 1330 1542 1401 Italos
1560 1337 1850 1403 nominis
1875 1333 2188 1417 Ductori.
2286 1340 2390 1407 Ex
2413 1339 2613 1408 altera

1337 1449 1531 1524 parte
1606 1428 1861 1503 comes*
1896 1437 1978 1504 de
2022 1437 2390 1528 Montjoye
2437 1440 2616 1529 juxta

1282 1584 1306 1609 ,-
1341 1526 1614 1603 morem
1648 1535 1756 1601 cis.
1777 1534 2055 1604 Montes
2075 1539 2375 1607 usitatum
2394 1539 2459 1605 in
2478 1556 2609 1607 tres

1232 1672 1239 1683 ‚
1342 1634 1547 1715 aeica,
1581 1616 1865 1720 primam
1900 1686 1924 1719 ,
1950 1637 2356 1720 postremam
2383 1637 2613 1709 &me-

1342 1731 1556 1815 diam,
1579 1728 1763 1799 suum
1799 1732 2000 1803 divisit
2028 1735 2434 1815 Exercitum.
2474 1732 2606 1806 Bri-

1338 1844 1534 1898 tones
1574 1828 1705 1918 ipse
1754 1829 2032 1900 ducebat
2092 1836 2167 1903 in
2210 1837 2308 1903 ala
2342 1837 2607 1920 dextra,

1340 1922 1667 1998 Vascones
1706 1932 1777 1999 in
1808 1932 2039 2001 finistra
2077 1930 2112 1999 a
2147 1933 2484 2004 Bernardo
2523 1936 2609 2003 de

1336 2024 1490 2096 Sale
1533 2025 1927 2117 tegebantur
1963 2077 1982 2105 ‚
2019 2032 2160 2101 Itali
2197 2030 2361 2102 vero
2399 2035 2468 2103 ἀ
2495 2031 2607 2101 Sa-

1337 2122 1536 2196 baudi
1559 2128 1779 2196 media
1793 2131 1860 2197 in
1876 2132 2016 2199 acie
2033 2133 2340 2202 collocati
2363 2148 2564 2202 erant.
2585 2206 2590 2209 ,

1448 2226 1587 2294 Hic
1606 2224 1831 2316 primo
1852 2231 2079 2297 videre
2094 2251 2228 2302 erat
2242 2289 2260 2317 ,
2282 2235 2469 2321 quod
2489 2234 2604 2302 ha-

1334 2320 1564 2393 &enus
1581 2332 1997 2416 nunquamin
2032 2329 2213 2400 Orbe
2241 2333 2607 2402 Terrarum

1330 2428 1629 2515 apparuit
1659 2478 1680 2507 ‚
1733 2424 1966 2495 Claves
2012 2434 2331 2500 nimirum
2382 2430 2601 2499 Sansti

1327 2520 1504 2592 Petri
1544 2525 1610 2592 ὅ(
1644 2521 1875 2592 Tiaras
1906 2527 2272 2601 pontificias
2292 2530 2403 2600 fibi
2430 2534 2596 2599 invi·

1331 2643 1481 2689 cem
1513 2624 1883 2710 oppositas,
1920 2627 1988 2694 δε
2011 2680 2035 2710 ,
2069 2628 2112 2694 fi
2144 2626 2238 2697 fas
2268 2633 2354 2699 est
2381 2630 2598 2700 dicere

1329 2718 1441 2789 fibi
1454 2724 1737 2789 invicem
1755 2725 1959 2793 minas
1976 2728 2380 2799 intentantes
2395 2734 2466 2798 in
2482 2751 2595 2797 ve·

1210 2814 1213 2821 ²
1325 2821 1494 2889 xillis
1540 2822 1879 2911 utriusque
1922 2825 2165 2895 hostilis
2198 2827 2540 2898 Exercitus
2571 2881 2594 2915 ‚

1322 2922 1436 3011 qui
1476 2941 1630 2987 cum
1663 2921 2039 3010 profusione
2057 2926 2385 3019 sanguinis
2401 2925 2594 2995 Chri·

1321 3022 1505 3089 ssiani
1546 3022 1911 3089 conflicturi
1942 3042 2129 3095 erant
2172 3049 2299 3118 pro
2342 3027 2592 3096 throno

1308 3112 1906 3211 *RegniSpiritualis
1928 3178 1950 3209 ‚
1979 3127 2160 3213 quod
2191 3126 2383 3211 JEsus
2398 3124 2588 3194 Chri-

1321 3220 1451 3288 stus
1483 3219 1761 3286 nonnisi
1785 3234 1934 3288 toto
1964 3222 2079 3289 suo
2114 3225 2310 3293 effuso
2339 3223 2591 3312 (angui-

1317 3338 1408 3386 ne
1431 3320 1503 3386 in
1536 3315 1811 3387 Ecclesia
1837 3317 1943 3386 sua
1976 3320 2267 3392 stabilivit
2285 3346 2412 3413 pro
2428 3324 2589 3393 salu-

1318 3431 1386 3484 te
1432 3417 1738 3484 omnium
1778 3416 2138 3488 hominum
2173 3475 2194 3508 ,
2246 3443 2316 3494 ut
2354 3446 2590 3514 pacem

1313 3513 1630 3586 tribueret
1653 3515 1956 3586 omnibus
1972 3521 2041 3588 in
2075 3518 2265 3591 Coelo
2290 3523 2356 3592 ἀ
2375 3525 2441 3591 ἰη
2457 3538 2591 3592 ter-

1317 3637 1416 3690 ra.
1519 3613 1769 3685 Tantas
1803 3618 2120 3689 nimirum
2148 3626 2312 3694 vires
2341 3625 2590 3693 inordi-

1314 3733 1485 3787 nata:
1515 3716 1829 3806 pastiones
1864 3719 2129 3788 trahunt
2163 3745 2242 3790 ex
2258 3726 2588 3793 nostrain·

1311 3816 1624 3886 firmitate
1669 3815 1750 3881 ad
1782 3821 2276 3906 praepediendos
2322 3824 2588 3893 effectus

1312 3912 1814 3988 &intentiones
1844 3911 1998 3985 DEI
2041 3939 2062 3999 ;
2113 3922 2180 3989 ὅ(
2201 3925 2269 3991 in
2298 3924 2586 4012 pernici-

1316 4035 1428 4083 em
1496 4016 1781 4083 nostram
1830 4017 2066 4084 ordine
2107 4023 2423 4112 perverso
2480 4042 2587 4089 eas

1310 4114 1472 4204 ipias
1506 4134 1604 4181 res
1643 4130 2045 4196 conyertunt
2082 4159 2103 4204 ‚
2151 4142 2309 4209 quas
2342 4119 2586 4192 DEUS

1244 4296 1253 4306 .
1311 4235 1473 4285 eum
1496 4213 1739 4282 infinita
1752 4211 2066 4303 sapientia
2078 4215 2161 4289 ad
2179 4219 2472 4290 nostram
2488 4222 2584 4288 di·

1309 4312 1551 4406 sposuit
1583 4311 1992 4386 felicitatem.

1398 4413 1808 4500 Exssutraque
1839 4430 2026 4503 parte
2075 4436 2448 4507 pugnatum
2498 4417 2586 4486 est

1307 4532 1395 4580 eo
1416 4533 1567 4578 cum
1585 4512 1823 4581 ardore
1838 4513 1904 4582 dt
1930 4513 2378 4587 obstinatione
2392 4573 2412 4603 ‚
2429 4539 2585 4608 qua·

1304 4611 1446 4679 lem
1482 4607 1517 4677 a
1553 4611 1763 4695 longo
1792 4625 2101 4702 tempore
2135 4615 2315 4686 Italia
2332 4640 2471 4687 non
2491 4619 2589 4685 vi-

1304 4709 1434 4780 dit.
1508 4710 1764 4777 Primus
1781 4713 1859 4778 ad
1879 4712 2190 4782 clafficum
2210 4719 2427 4807 erupit
2451 4715 2592 4804 Co-

1303 4827 1447 4879 mes
1490 4806 1833 4877 Albericus
1876 4835 1894 4880 z
1970 4811 2038 4880 ὅ(
2091 4817 2238 4902 quia
2295 4838 2536 4905 magna
2567 4868 2588 4899 ‚

1300 4929 1504 4998 quam
1551 4909 1827 4976 ducebat
1875 4913 2041 4978 acies
2072 4966 2094 4996 ‚
2157 4915 2230 4981 in
2260 4917 2588 5004 grandem

1302 5005 1603 5097 dispofita
1637 5024 1769 5076 erat
1809 5006 2228 5093 frontem‚in
2244 5016 2586 5082 modicam

1298 5109 1513 5175 aciem
1529 5110 1817 5176 mediam
1840 5110 1910 5176 ὅ(
1942 5111 2113 5179 alam
2132 5113 2437 5182 sinistram
2459 5112 2548 5181 ho
2563 5146 2587 5162 ·

1298 5208 1492 5275 stium
1529 5210 1711 5280 irruit
1737 5262 1759 5292 .,
1787 5206 1897 5276 ubi
1936 5207 2288 5280 Bernardus
2319 5213 2584 5313 gie-Sale

1301 5327 1463 5390 cum
1479 5304 1599 5375 suis
1618 5306 2024 5378 Vasconibus
2046 5308 2397 5399 pugnabat.
2430 5312 2582 5380 Aci-

1303 5426 1374 5473 es
1404 5407 1468 5473 in
1489 5408 1712 5475 medio
1729 5408 1987 5476 infirma
2001 5411 2279 5480 refistere
2294 5414 2404 5481 diu
2439 5432 2584 5480 non

1297 5504 1555 5574 valebat
1599 5528 1617 5574 t
1671 5508 1739 5574 ἀ
1769 5516 2067 5596 quamvis
2103 5508 2580 5581 Vasconesfor-

1299 5601 1527 5674 tiffime
1570 5604 2038 5680 decertaverint
2072 5632 2094 5694 3
2141 5615 2313 5702 „quia
2357 5628 2584 5680 tamen

1297 5708 1497 5796 pauci
1525 5703 1811 5775 numero
1841 5728 2063 5795 erant,
2099 5714 2166 5784 &
2206 5710 2242 5779 a
2273 5730 2412 5782 tora
2451 5712 2580 5778 mi·
2613 5731 2616 5734 ·

1300 5804 1453 5872 litia
1485 5805 1762 5875 Alberici
1781 5808 2265 5881 invadebantur
2281 5867 2303 5898 ‚
2324 5812 2439 5901 qui
2457 5834 2578 5879 εκ-

1303 5901 1363 5971 fia
1394 5907 1524 5995 jam
1568 5908 1712 5975 acie
1749 5907 1963 5974 media
1992 5958 2009 5985 ,
2048 5913 2324 5981 renuitis
2361 5912 2578 5997 omni-

1298 5999 1418 6075 bus
1447 6003 1689 6078 viribus
1711 6007 1790 6073 ad
1816 6008 1959 6075 illos
1977 6011 2160 6080 fimul
2198 6012 2582 6102 aggredien-

2248 780 2251 783 ,
2307 679 2725 817 Hftoria
2757 676 2870 789 de
2893 675 3268 831 Mffno
4289 820 4292 823 Ι

2749 843 2914 922 d083
2941 842 3490 912 tandemillorum
3524 841 3897 932 penetravit
3913 858 4020 907 orn
4075 835 4281 911 Annua

1092 969 1279 1046 1378·
1348 938 1588 1025 ganda.
1685 934 2020 1013 Dextrum
2075 962 2286 1011 cornu
2313 941 2453 1032 ipse
2499 943 2627 1011 du·
2752 941 3287 1020 dines.&ferme
3326 960 3560 1013 omnes
3591 943 3828 1031 partim
3858 943 4017 1011 dua-
4083 924 4268 999 1378-

2743 1040 2949 1111 niavit
2988 1093 3011 1126 ‚
3057 1045 3299 1134 partim
3341 1040 3470 1111 una
3513 1062 3671 1108 cum
3715 1036 4024 1111 Dustore

2749 1136 3082 1210 Bernardo
3125 1142 3212 1211 de
3255 1139 3404 1212 Sale
3436 1144 3801 1231 intercepit.

2839 1239 3118 1309 Interim
3144 1238 3411 1311 fortuna
3435 1243 3725 1311 duorum
3750 1242 4021 1335 Exerci-

2742 1350 2940 1406 tuum
2972 1342 3219 1409 diversa
3270 1360 3409 1409 erat
3456 1362 3538 1409 ex
3568 1357 3752 1432 parte
3793 1344 4022 1412 altera.

2743 1432 2919 1505 Nam
2967 1438 3264 1531 Britones
3308 1443 3375 1508 in
3411 1442 3510 1509 ala
3558 1444 3781 1510 dextra
3813 1496 3833 1524 ‚
3859 1462 4016 1513 cum

2744 1532 3018 1606 Comite
3050 1539 3416 1630 Montjoye
3461 1539 3784 1630 Supremo
3824 1540 4022 1608 Belli-

2745 1637 2913 1703 duce
2953 1633 3421 1726 Clementino,
3457 1656 3629 1708 tanta
3659 1644 3816 1709 cuni
3845 1639 4014 1707 furia

2739 1737 3065 1805 irruerunt
3108 1742 3422 1827 ingrande
3468 1761 3707 1826 agmen
3752 1738 4011 1808 Gallea-

2744 1836 2825 1923 cij
2856 1837 3088 1926 Pepoli
3112 1891 3133 1923 ,
3164 1837 3229 1907 <St
3260 1841 3455 1906 toties
3488 1841 3567 1907 ad
3604 1838 4006 1930 explofiou'ea

2737 1934 3037 2006 redibant
3077 1989 3100 2020 ‚
3154 1952 3227 2004 ut
3272 1940 3539 2007 tandem
3585 1939 4008 2010 retrocedere

2734 2037 2990 2107 hostem
3013 2040 3384 2125 coegerint,
3432 2031 3718 2129 eumque
3756 2037 4010 2131 perfre-
4061 2078 4062 2085 κ

2739 2138 2960 2227 gerint
2989 2189 3013 2220 ‚
3048 2136 3205 2205 nihil
3240 2136 3723 2226 proficientibus
3755 2139 4012 2209 conati-

2743 2236 2859 2306 bus
2878 2234 3107 2326 Pepoli
3132 2237 3215 2304 ad
3234 2237 3533 2306 sistendos
3550 2243 3699 2308 suos
3740 2238 4007 2321 milites,

2736 2338 2851 2426 qui
2882 2338 3014 2423 jam
3052 2336 3319 2406 nonnisi
3347 2341 3835 2407 retrocedendo
3868 2391 3889 2421 ‚
3938 2336 4007 2404 dt

2735 2452 2921 2505 extra
2934 2435 3199 2505 ordines
3214 2432 3583 2525 pugnabant
3609 2461 3625 2506 ε
3658 2436 3750 2507 ita
3768 2457 3836 2506 ut
3855 2434 4002 2503 Du-

2736 2536 2884 2603 &or
2918 2534 3287 2626 Montjoye
3310 2590 3332 2622 ‚
3354 2538 3463 2627 qui
3483 2539 3697 2609 hostes
3723 2533 4001 2624 urgebat

2728 2625 2964 2705 fortius
2986 2636 3068 2701 ad
3085 2638 3328 2722 pedem
3344 2634 3833 2720 retrahendum,
3850 2658 3992 2703 cer-

2728 2751 2869 2802 tam
2898 2735 2959 2801 se
2995 2748 3218 2803 tenere
3242 2737 3590 2805 crediderit
3613 2740 3957 2806 victoriam
3976 2758 4000 2806 z

2732 2835 2896 2901 dum
2942 2856 3099 2904 ecce
3148 2829 3395 2904 Comes
3444 2834 3778 2908 Albericus
3818 2890 3837 2921 ‚
3886 2837 4003 2925 qui

2731 2937 2863 3024 jam
2899 2956 2982 3002 ex
3021 2950 3205 3024 parte
3242 2932 3342 3002 sua
3373 2938 3664 3024 vicerat,
3713 2939 3887 3009 hanc
3909 2936 4005 3004 illi

2726 3034 2966 3120 en'puit
2985 3086 3006 3117 ‚
3032 3034 3220 3102 &fibi
3243 3050 3455 3105 totam
3477 3038 3759 3108 afferuit.
3819 3031 3998 3106 Cum

2726 3135 2909 3200 enim
2922 3130 3168 3201 vidiffet
3184 3136 3518 3225 populum
3551 3137 3738 3207 suum
3764 3141 3831 3205 in
3850 3158 3995 3205 cor·

2724 3253 2815 3299 nu
2853 3232 3096 3299 finistro
3122 3232 3294 3305 adeo
3349 3232 3840 3320 maletracstari3
3882 3260 4001 3304 ne-

2728 3330 2933 3417 glexit
2975 3329 3295 3419 fugitivos
3326 3388 3348 3417 ‚
3407 3358 3482 3403 ac
3525 3338 3594 3405 in
3633 3336 3995 3406 succursum

2726 3431 3001 3498 suorum
3016 3432 3322 3503 advolans
3338 3485 3360 3516 ‚
3391 3435 3607 3504 hostes
3625 3431 3659 3502 a
3677 3454 3864 3524 tergo
3884 3458 3997 3523 ag-

2707 3527 2962 3617 'greffus
2995 3531 3082 3597 est
3100 3584 3122 3615 .,
3156 3534 3222 3600 ὅ(
3247 3534 3525 3618 Pepolus
3555 3537 3799 3605 eodem
3827 3554 3999 3605 tem·

2727 3650 2898 3720 pore
2930 3627 3061 3697 suas
3082 3633 3459 3723 colligendo
3483 3652 3682 3725 atque
3702 3639 4003 3705 animan-

2725 3731 2819 3796 do
2844 3731 3075 3819 copias
3119 3786 3139 3816 ‚
3175 3756 3315 3821 quae
3338 3740 3594 3806 animos
3627 3734 3775 3808 viso
3812 3733 4004 3805 tant&

2723 3825 3001 3899 subsidio
3029 3830 3564 3924 resumpserunt,
3598 3840 3677 3906 ad
3697 3840 4000 3926 praelium

2725 3927 3035 4012 reduxit3
3097 3931 3249 4000 stitit
3286 3954 3402 4002 eos
3437 3990 3458 4021 ‚
3503 3940 3616 4023 qui
3641 3937 4002 4028 proseque-

2724 4024 2974 4095 bantur
3001 4030 3392 4120 victoriam,
3442 4028 3680 4124 eosque
3719 4041 3789 4106 in
3806 4036 3994 4105 fron-

2725 4142 2794 4194 te
2820 4124 3140 4217 aggress'us
3169 4134 3297 4216 est,
3327 4128 3487 4202 dum
3511 4130 3547 4201 a
3584 4138 3996 4209 latereundi·

2724 4248 2892 4316 que‚
2924 4244 3121 4317 atque
3145 4226 3179 4296 a
3216 4246 3406 4319 tergo
3430 4232 3676 4304 furiose
3703 4239 3991 4327 impete·

2718 4342 2965 4395 rentur.
3061 4325 3282 4417 Atque
3339 4328 3427 4400 ita
3473 4332 3773 4404 Britones
3825 4342 4000 4406 inter

2721 4426 2858 4496 duo
2879 4428 3142 4513 grandia
3156 4429 3435 4499 bostium
3452 4439 3714 4520 agmina
3726 4440 3999 4508 conclu-

2724 4523 2765 4591 si
2785 4579 2806 4610 ,
2822 4522 2992 4594 adeo
3009 4527 3142 4596 caess
3160 4528 3307 4598 sunt
3329 4582 3351 4610 ‚
3378 4547 3450 4599 ut
3464 4538 3571 4607 vix
3586 4557 3747 4605 unus
3762 4538 3960 4611 fuerit
3970 4592 3995 4624 ‚

2724 4626 2841 4714 qui
2875 4628 2980 4694 vel
3002 4627 3252 4697 occisus
3296 4634 3400 4699 vel
3422 4652 3650 4726 captus
3669 4659 3808 4708 uon
3844 4635 4000 4709 fuis-

2722 4725 2830 4794 set.
2931 4722 3040 4797 De
3079 4748 3362 4800 numero
3408 4744 3781 4826 captorum
3812 4752 3996 4806 erant

2707 4824 2977 4894 ,Comes
3021 4825 3384 4918 Montjoye
3416 4887 3437 4917 ‚
3469 4857 3622 4904 cum
3654 4835 3991 4907 Bet-nardo

2722 4925 2807 4992 de
2835 4924 2978 4994 Sale
2996 4976 3017 5009 ‚
3032 4925 3095 4993 &
3111 4923 3432 5016 sylvester
3444 4937 3526 5003 de
3541 4933 3775 5020 Budes‚
3789 4959 3997 5028 quem

2724 5022 3066 5094 Tribunus
3097 5025 3393 5098 Aucutus
3414 5036 3844 5127 interceperat
3866 5091 3887 5121 ‚
3922 5040 3993 5106 dc

2723 5125 2828 5214 alij
2872 5125 3197 5211 sexaginta
3229 5131 3517 5223 primarij
3566 5132 3897 5205 Dudtores
3925 5139 3993 5208 ὅ(
4027 5150 4178 5208 ινα-ε

2718 5221 3006 5294 Tribuni
3023 5227 3228 5308 ‚ultra
3251 5233 3541 5320 quinque
3594 5236 3797 5304 millia
3813 5240 3989 5304 viro-
4005 5235 4198 5312 finan

2716 5346 2909 5409 rum,
2949 5325 3056 5412 qui
3093 5325 3167 5391 in
3193 5349 3433 5419 campo
3474 5335 3679 5423 praefij
3711 5338 3991 5409 trucida,
4016 5319 4227 5400 Rajcha.

2719 5423 2770 5489 ti
2819 5425 3216 5493 manserunt.

2829 5521 3238 5592 victoriosus
3265 5523 3612 5599 Albericus
3629 5535 3872 5607 eodem
3890 5539 3999 5609 die
4099 5560 4116 5566 ·

2715 5620 3002 5691 Romam
3031 5622 3323 5693 reversus
3358 5630 3447 5696 est
3478 5631 3734 5701 velutin
3764 5641 3999 5705 trium·

2714 5719 2852 5809 pho
2888 5774 2909 5805 ‚
2955 5724 3133 5789 inter
3176 5729 3498 5798 maximas‘
3527 5728 3993 5806 Romanorum

2714 5820 3277 5909 acclamationes',
3321 5849 3520 5914 quem
3550 5833 3827 5901 alterum
3860 5834 3989 5906 Ca-

2716 5917 3291 5992 millumRomam
3319 5922 3355 5994 a
3378 5927 3572 5998 Gallis
3595 5929 3987 6005 liberantem

2713 6018 3146 6109 appellarunt.
3244 6025 3374 6094 Pro
3408 6031 3676 6099 cumulo
3707 6033 3986 6121 publicae

3838 6136 3991 6202 laeti-
