4745 7357
1028 948 1229 1026 λοιιιιι
1297 978 1612 1031 verorum
1628 948 2061 1027 Pontificum
2042 978 2185 1048 Jure
2198 958 2444 1027 merito
2463 977 2569 1027 re·

1300 1061 1687 1142 censentur,
1709 1050 1800 1122 ita
1821 1069 1893 1121 ut
1924 1076 2164 1126 eorum
2182 1052 2567 1126 succefforea

1299 1162 1505 1228 etiam
1534 1176 1662 1248 pro
1698 1150 1924 1227 tatibus
1955 1158 2206 1226 censeri
2251 1156 2565 1231 debeant.

1291 1256 1545 1326 Placuit
1579 1256 1847 1323 enimin
1878 1251 2091 1323 Gallia
2124 1249 2566 1347 potiffimbm,

1040 1051 1216 1127 ι738·

1297 825 1425 910 22

1284 1360 1549 1426 eredere
1567 1356 1793 1422 locum
1810 1352 1937 1420 effe
1949 1355 2311 1440 dubitandi,
2341 1358 2424 1423 de
2446 1373 2562 1421 ve-

1285 1479 1369 1527 ro
1387 1456 1707 1525 Pontifice
1746 1453 2085 1542 quousque
2110 1454 2407 1543 suprema
2430 1455 2560 1522 Ec·

1282 1558 1481 1627 elefiae
1501 1554 1915 1636 authoritate,
1936 1555 2067 1622 duo
2084 1557 2181 1622 isti
2200 1557 2379 1644 pacis
2398 1574 2549 1622 cau-

1287 1656 1357 1725 ea
1376 1679 1511 1725 non
1534 1657 2044 1742 deponerentur,
2061 1655 2128 1724 ὅ(
2146 1670 2305 1722 unus
2323 1656 2561 1743 aliquis

1287 1756 1785 1824 constitueretur
1804 1805 1826 1837 ,
1856 1755 2095 1840 dequo
2127 1753 2403 1822 dubitari
2420 1774 2559 1822 non

1278 1853 1487 1945 poffet
1528 1907 1550 1938 ,
1607 1855 1769 1942 quin
1803 1872 1999 1921 verus
2034 1848 2181 1920 esset
2197 1854 2499 1922 Pontifex
2528 1906 2556 1938 ,

1283 1955 1583 2045 quamvis
1603 1955 1671 2021 in
1689 1947 1885 2037 longe
1905 1955 2037 2041 maj
2045 1955 2144 2021 ori
2161 1948 2555 2041 parteChri-

1284 2055 1617 2127 stianitatis
1645 2105 1665 2137 ‚
1710 2054 1967 2120 nullum
2002 2053 2325 2141 ejusmodi
2359 2050 2557 2120 fuerit

1278 2152 1577 2222 dubium.
1679 2149 2062 2240 Priusquam
2088 2153 2217 2219 hoc
2234 2153 2438 2238 fieret,
2457 2155 2551 2220 vi-

1277 2251 1420 2321 fiun
1443 2254 1554 2336 est,
1569 2250 1956 2341 Adversarijs
1975 2249 2219 2319 Urbani
2241 2253 2422 2341 quod
2442 2251 2554 2336 Ju·
2615 2246 2620 2257 ⁴

1277 2373 1349 2421 ra
1379 2353 1661 2440 partium
1701 2372 2045 2438 nunquam
2074 2347 2165 2418 ita
2187 2353 2355 2419 clara
2391 2353 2457 2419 ὅ(
2477 2352 2552 2418 li·

1278 2453 1477 2542 quida
1509 2450 1787 2534 fuerint,
1820 2466 1891 2516 ut
1918 2471 2037 2537 pro
2066 2471 2188 2516 una
2219 2452 2322 2518 vel
2348 2449 2551 2543 altera

1275 2552 1609 2638 quidpiam
1628 2546 1855 2616 saltem
1890 2551 1958 2615 in
1992 2546 2205 2616 Gallia
2236 2552 2549 2618 determi-

1270 2649 1414 2721 nari
1436 2652 1748 2738 potuerit.
1852 2645 1949 2718 Re
1970 2646 2214 2736 ipsa,ex
2243 2664 2547 2737 utraque,

1274 2770 1399 2817 mae

1266 2865 1421 2916 rant
1475 2845 1907 2930 brisconsulti,
1930 2843 2219 2914 celebres
2235 2846 2304 2915 T
2307 2847 2545 2915 heolo-

1269 2946 1337 3033 gi
1360 2946 1425 3012 ὅ(
1442 2949 1666 3033 magni
1686 2944 2021 3015 Doctores
2039 2999 2059 3024 ‚
2076 2950 2184 3034 qui
2199 2949 2544 3015 immedia-

1265 3041 1337 3112 te
1355 3046 1500 3134 post
1523 3043 1809 3111 Schisma
1828 3043 2323 3113 Clementinum
2344 3068 2539 3116 exor-

1268 3158 1413 3211 tum
1428 3142 1816 3231 scripserunt
1835 3141 2068 3211 Libros
2089 3146 2156 3212 δε
2172 3142 2308 3212 Τι3
2318 3146 2543 3229 Status,

1268 3243 1376 3330 aiij
1398 3242 1621 3330 plures
1635 3264 1761 3330 pro
1785 3240 2067 3309 Urbano
2087 3295 2108 3325 ,
2143 3245 2243 3332 alij
2273 3248 2542 3332 paucio-

1268 3361 1372 3410 tes
1386 3363 1514 3430 pro
1535 3337 1887 3409 Clemente
1906 3342 2144 3410 Praeter
2171 3340 2404 3411 Libros
2439 3359 2542 3433 ty·
2585 3349 2596 3368 ⁸

1270 3442 1376 3531 pis
1418 3437 1696 3509 excusos
1737 3438 2057 3514 habentur
2092 3443 2541 3533 Manuscripta

1267 3538 1714 3630 pulcherrima
1752 3594 1772 3624 ,
1797 3540 2146 3629 praelertim
2168 3544 2234 3609 in
2260 3545 2541 3632 antiquis

1256 3636 1708 3724 Bibliothecis,
1732 3638 1948 3709 Sand'ti
1967 3640 2254 3709 VMloris
2280 3643 2543 3734 Parifijs‚

1264 3736 1548 3827 Collegij
1574 3737 1874 3808 Funenfis
1907 3739 2179 3808 Tolosae
2198 3796 2218 3824 ,
2259 3740 2543 3811 maxime

1262 3854 1490 3906 autem
1511 3838 1740 3907 Romae
1759 3842 1830 3908 in
1853 3838 2261 3908 Bibliotheca
2283 3842 2540 3910 Vatica-

1262 3958 1347 4007 na
1372 3991 1393 4020 ,
1420 3938 1796 4023 ubitriginta
1811 3940 1948 4006 duo
1972 3941 2237 4027 grandia
2256 3943 2541 4009 volumi-

1264 4058 1352 4103 na
1372 4039 1816 4124 reperiuntur,
1831 4040 1897 4105 in
1925 4035 2539 4125 quibusinnumera,

1263 4156 1406 4227 qua:
1427 4137 1493 4203 in
1528 4151 1878 4225 utramque
1908 4152 2162 4224 partem
2215 4143 2421 4229 magis
2443 4156 2539 4208 ta-

1267 4245 1426 4304 men
1475 4257 1601 4324 pro
1638 4234 1914 4304 Urbano
1960 4235 2185 4324 scripta
2220 4235 2487 4308 fuerunt
2519 4294 2541 4325 ,

1272 4337 1713 4404 continentur.
1815 4332 2128 4426 Denique
2160 4338 2343 4407 Deus
2379 4342 2533 4428 ipse,

1279 4437 1392 4522 qui
1430 4439 1684 4522 magnis
1719 4437 2039 4505 miraculis
2082 4437 2390 4506 illustrare
2438 4441 2540 4506 di-

1279 4531 1941 4648 gnatusSanEtitatern
1957 4539 2406 4626 complurium
2427 4560 2543 4606 eo·

1280 4653 1475 4714 rum,
1513 4635 1712 4718 quiin
1755 4624 2341 4704 Controverfiaista
2375 4639 2544 4706 divi·

1281 4728 1635 4812 debantur,
1656 4735 1721 4797 in
1755 4755 1885 4800 una
1905 4734 1970 4801 ἀ
1997 4736 2197 4802 altera
2227 4735 2545 4805 obedien·

1278 4833 1420 4913 tia,
1458 4786 1800 4898 manifeste
1831 4833 2178 4901 declaravit
2205 4834 2333 4902 hoc
2356 4837 2544 4950 ipso,

1278 4926 1469 5019 quod
1489 4930 1564 4996 {ic
1579 4927 1750 4998 bona
1781 4931 1906 4999 fide
1928 4954 2193 5001 manere
2207 4937 2544 5024 potuerint

1272 5029 1343 5097 in
1369 5029 1690 5118 opinione
1710 5031 2013 5121 utrinque
2029 5031 2375 5122 probabili,
2389 5056 2545 5126 pro·

1270 5143 1423 5218 pter
1443 5131 1878 5215 ignorantiam
1901 5130 2077 5201 facti.

1304 5267 1307 5270 Δ
1365 5225 1470 5295 Sic
1504 5227 1777 5297 fulmina
1807 5234 1874 5300 ὅ(
1904 5232 2318 5301 anathemata
2341 5287 2360 5318 ,
2401 5256 2545 5324 quae

1268 5326 1409 5394 duo
1432 5328 1779 5397 Pontifices
1814 5347 2041 5400 contra
2071 5332 2132 5400 se
2149 5334 2430 5403 invicem
2442 5333 2544 5403 su-

1277 5419 1488 5516 osque
1510 5428 1902 5499 adhaerentes
1918 5430 2260 5501 vibrabant
2288 5488 2307 5519 ,
2329 5438 2544 5503 nemi·

1272 5548 1436 5597 nem
1473 5526 1937 5600 invincibiliter
1970 5535 2396 5622 ignorantem
2437 5537 2544 5601 lae-

1268 5624 1540 5724 debant.
1599 5628 1685 5695 Et
1699 5631 1790 5697 illi
1806 5629 2153 5720 scriptores
2174 5634 2544 5721 impetuoli‚

1278 5728 1393 5814 qni
1425 5725 1820 5812 hodiedum,
1843 5746 2154 5820 tanquam
2175 5728 2544 5801 Schismati-

1279 5845 1397 5894 σοι
1415 5826 1728 5913 tradunt,
1745 5852 1858 5899 eos
1875 5885 1896 5916 ,
1913 5834 2022 5919 qui
2042 5833 2110 5899 in
2128 5827 2384 5902 Urbani
2400 5832 2542 5900 fue-

1204 6015 1211 6022 *
1266 5935 1349 5994 re
1370 5922 1743 5996 obedientia
1763 5984 1783 6015 ‚
1785 5952 2003 6019 quam
2020 5930 2130 6019 ipfi
2144 5952 2282 6000 non
2297 5953 2543 6022 appro-

1272 6020 1470 6106 bant3
1511 6029 1863 6114 ignorant,
1892 6031 2049 6119 quid
2076 6029 2385 6099 honestos
2430 6029 2544 6099 Vi·

1267 6144 1384 6195 ros
1405 6123 1794 6199 catholicos
1830 6131 1898 6200 δε
1916 6130 2316 6200 Historicon
2298 6155 2366 6202 ιιι
2395 6130 2547 6202 scri·

1462 2830 1463 2833 ¹
1488 2748 1572 2843 ali
1594 2763 1817 2816 tamen
1838 2761 2024 2838 parte
2044 2801 2064 2831 ,
2106 2747 2445 2816 doetissimi
2478 2770 2545 2816 e·
2568 2748 2578 2771 ¹

2086 783 2598 923 Historia
2630 794 2743 897 de
2781 779 3210 945 Magno

2694 950 2919 1021 bendo
2951 953 3212 1037 deceat,
3245 971 3387 1023 ιιοιι
3404 951 3526 1023 nisi
3509 946 3782 1026 debiles
3796 940 3958 1017 fiai
4024 944 4228 1010 stum

2694 1046 3233 1137 DeclamatoreS,
3250 1058 3502 1142 privata
3535 1056 3640 1124 sua
3672 1049 3963 1121 authori·
4021 1032 4210 1111 ¹378

2693 1169 2830 1222 tate
2844 1152 3152 1220 decidere
3168 1174 3308 1222 non
3322 1174 3631 1226 verentur
3641 1172 3802 1244 ‚pro
3818 1154 3958 1223 An-

2693 1256 2912 1342 tipapa
2933 1247 3315 1337 Clemente,
3350 1276 3503 1322 cum
3536 1252 3963 1342 exiguojudi-

2696 1356 2802 1419 cio
2825 1354 2893 1422 ἀ
2912 1359 3541 1441 magnatemeritate
3575 1408 3597 1438 ,
3627 1353 3815 1444 quod
3831 1353 3963 1443 ipsa

2693 1450 3129 1522 Ecclefia-non
3144 1452 3467 1543 judicabat
3480 1456 3597 1525 effe
3617 1457 3826 1523 statim
3845 1456 3963 1522 de·

2690 1553 3074 1621 finiendum.
3201 1551 3487 1624 Fuerunt
3519 1561 3803 1624 omnino
3840 1575 3964 1622 eo·
4081 1626 4086 1639 ,

2692 1654 3174 1741 demtempore
3200 1655 3333 1721 duo
3356 1654 3697 1725 Pontifices
3724 1710 3743 1738 ,
3796 1656 3957 1742 quin

2689 1754 2838 1842 post
2873 1754 3377 1821 controverfiam
3426 1756 3461 1823 ὲ
3509 1753 3959 1823 cardinalibus

2689 1850 3036 1920 Gallicanis
3070 1858 3413 1920 excitatam
3429 1851 3624 1935 cetto
3645 1858 3966 1922 constaret

2690 1950 2995 2021 omnibus
3014 2006 3034 2036 ,
3051 1970 3195 2020 uter
3216 1973 3454 2021 eorum
3476 1977 3662 2023 verus
3677 1954 3828 2020 effet
3851 1951 3956 2021 vel

2683 2049 2904 2123 falsus-z
2917 2056 2988 2120 -ἀ
3010 2053 3304 2140 quamvis
3323 2052 3575 2124 Fideles
3591 2055 3961 2125 divideren-

2686 2167 2794 2217 tur
2812 2203 2832 2234 ‚
2853 2153 3075 2240 quoad
3088 2154 3493 2238 agnitionem
3508 2155 3803 2225 Personae
3821 2176 3952 2244 pro

2681 2270 2846 2318 vero
2892 2251 3247 2338 Pontifice,
3292 2252 3361 2323 in
3395 2277 3531 2344 quo
3558 2257 3949 2324 innocenter

2681 2350 2811 2420 faui
2836 2367 3171 2439 poterant,
3207 2369 3583 2423 nontamen
3617 2358 3944 2424 delierunt

2678 2447 2972 2542 perfecte
2991 2453 3320 2520 adhaerere
3339 2450 3739 2524 SanCtaeSedi
3762 2512 3781 2541 ,
3795 2471 3942 2524 tan·
4009 2448 4018 2457 ’

2677 2573 2881 2639 quam
2911 2566 3143 2620 centro
3179 2554 3435 2621 unitatis
3469 2609 3490 2638 ,
3546 2575 3684 2623 non
3721 2548 3938 2623 minius

2677 2648 2830 2719 vere
2852 2672 3051 2741 quam
3088 2657 3248 2721 dum
3265 2653 3501 2722 eadem
3515 2652 3750 2724 Sancta
3764 2654 3938 2723 sedes

2677 2768 2881 2818 vacat.

2778 2848 3126 2933 Urbanus,
3157 2847 3450 2920 Romam
3480 2855 3776 2923 reversus
3808 2848 3937 2920 Ti-

2670 2951 2872 3034 bure,
2888 2902 3213 3019 habitabat
3229 2954 3316 3019 ad
3332 2954 3638 3021 Sanctam
3652 2955 3940 3023 Mariam

2670 3069 2846 3121 trans
2858 3049 3164 3119 Tiberim
3184 3054 3754 3143 propterCastrum
3777 3054 3940 3122 San-

2671 3155 2758 3222 &i
2781 3146 3066 3238 Angeli,
3116 3154 3297 3239 quod
3331 3175 3455 3243 pro
3489 3151 3941 3221 Cardinalibus

2670 3247 2905 3321 stabat·
2887 3296 2906 3329 ‚
2937 3252 3001 3318 ὅ(
3017 3250 3447 3321 vehementer
3479 3256 3792 3323 attonitus
3809 3255 3932 3327 est.

2669 3346 2858 3440 quod
2873 3346 2973 3417 se
2955 3373 2989 3416 a
3007 3365 3151 3416 toto
3185 3346 3386 3419 Sacro
3417 3351 3726 3441 Collegio
3747 3356 3936 3420 dere-

2667 3451 2899 3519 lictum
2930 3448 3219 3531 videret,
3249 3454 3397 3520 imo
3431 3452 3631 3521 etiam
3663 3478 3699 3519 3
3720 3452 3938 3543 pleris—
3965 3433 4183 3497 ‘'⁴⁴'‘-

2669 3571 2797 3642 que
2818 3550 2950 3637 alijs
2971 3549 3242 3618 Praelatis
3275 3551 3344 3618 ὅ(
3375 3549 3773 3621 officialibus
3796 3551 3933 3623 Ro-

2672 3672 2873 3717 manae
2899 3647 3111 3716 Curiae
3130 3700 3151 3732 ,
3182 3653 3292 3738 qui
3313 3668 3422 3721 aut
3442 3651 3708 3721 Fundos
3738 3656 3930 3722 autin

2670 3754 2835 3818 aedes
2866 3753 3166 3841 proprias
3213 3751 3656 3828 discedebant,
3694 3755 3932 3822 incerti

2667 3850 2881 3920 adhuc
2924 3904 2944 3931 ‚
3004 3854 3133 3918 utri
3155 3856 3436 3938 partium
3467 3853 3933 3921 adhaerendum

2671 3950 2840 4017 effet.
2915 3946 3217 4015 Tantum
3237 3953 3387 4019 inde
3409 3957 3608 4021 animi
3629 3955 3933 4022 dolorem
3949 3943 4233 4000 “im-¹¹·

2670 4052 2977 4138 concepit
2995 4101 3017 4132 ,
3036 4065 3108 4115 ut
3133 4044 3282 4118 licet
3297 4054 3453 4120 alias
3470 4051 3829 4142 intrepidus
3869 4053 3936 4123 ὅ(

2671 4152 3129 4234 magnanimus
3158 4202 3177 4233 ,
3233 4149 3652 4238 {lachrymis
3705 4170 3933 4223 tamen

2671 4268 3040 4338 temperare
3059 4244 3162 4314 fibi
3187 4254 3555 4339 nequiverit
3570 4300 3587 4326 ,
3613 4253 3681 4320 ὅ(
3699 4250 3930 4319 Secre-

2669 4353 2860 4418 tatius
2889 4354 3026 4437 ejus
3057 4344 3361 4417 asseveret
3387 4404 3406 4434 ,
3457 4348 3490 4419 a
3529 4349 3773 4418 se'viliis
3813 4349 3934 4422 effe

2670 4448 2900 4518 uberes
2936 4450 3308 4536 lachrymas
3332 4505 3352 4528 ,
3386 4473 3545 4538 quas
3571 4450 3934 4535 profnnde-

2671 4547 2777 4617 bat
2798 4550 2895 4632 ,in
2916 4549 3323 4637 deplorando
3345 4552 3594 4635 statu,in
3612 4574 3811 4639 quem
3831 4556 3934 4620 in-

2671 4649 2913 4717 ciderat
2946 4702 2966 4731 ,
2997 4651 3340 4737 postquam
3380 4651 3757 4720 solemniter
3784 4648 3935 4720 suis-

2667 4750 2755 4818 set
2772 4749 3071 4816 adoratus
3087 4746 3167 4816 ab
3183 4749 3308 4816 illis
3326 4751 3344 4816 i
3353 4749 3495 4838 plis,
3512 4756 3626 4839 qui
3645 4775 3798 4820 eum
3817 4754 3933 4822 de-

2671 4847 2935 4918 turbare
2965 4844 3370 4918 conabantur
3401 4870 3480 4916 ex
3510 4847 3806 4919 Throno
3823 4855 3938 4934 ,ad

2671 4971 2874 5039 quem
2895 4947 3076 5015 illum
3098 4947 3454 5018 elevarunt.
3551 4948 3677 5018 Sed
3695 4953 3938 5024 eodem

2669 5065 2978 5137 tempore
2993 5049 3528 5118 consolationem
3550 5049 3843 5140 capiebat
3856 5073 3938 5123 ex

2668 5148 2895 5216 litteris
2929 5198 2952 5230 ,
2994 5165 3156 5234 quas
3188 5151 3247 5216 ei
3311 5148 3546 5218 Sandla
3583 5149 3938 5221 Catharina
3961 5149 4063 5220 5?-
4080 5146 4132 5206 3·
4142 5138 4255 5200 ”⁴5

2674 5245 2968 5318 Senenfis
2983 5244 3340 5332 scribebat,
3374 5252 3727 5317 animando
3759 5252 3941 5321 illum
3975 5227 4125 5283 ΛΨ·
4162 5237 4252 5284 '⁹‘

2671 5349 2754 5414 ad
2788 5346 3096 5416 tuendam
3130 5348 3194 5416 &
3234 5350 3746 5419 conservandam
3765 5350 3945 5422 suam
3972 5328 4101 5369 κ’

2676 5447 3058 5537 dignitatem
3083 5464 3320 5514 contra
3349 5469 3586 5516 omnes
3628 5451 3936 5521 inimico..

2675 5567 2828 5617 rum
2843 5545 3113 5614 suorum
3128 5563 3402 5616 conatus
3436 5601 3455 5630 ,
3485 5551 3597 5635 qui
3617 5572 3770 5620 eum
3787 5552 3937 5641 spo-

2673 5647 2832 5713 liare
2849 5644 3237 5714 Pontificatu
3259 5644 3583 5717 volebant.
3644 5650 3804 5718 Haec
3822 5653 3937 5719 ad·-

2677 5743 2988 5812 mirabilis
3031 5743 3235 5832 Virgo
3257 5798 3276 5826 ‚
3309 5743 3570 5818 sublimi
3599 5747 3936 5820 Sanfflmti

2677 5866 2902 5913 rarum
2944 5841 3222 5910 sociabat
3258 5847 3600 5933 ingenium
3631 5903 3653 5932 ,
3693 5851 3763 5917 &
3787 5852 3934 5918 ani·-

2678 5964 2891 6026 mum,
2908 5945 3071 6010 vires
3092 5946 3451 6014 ordinarias
3468 5948 3562 6016 sui
3581 5948 3934 6018 sexuslon-

2677 6040 2762 6129 ge
2780 6042 3187 6132 superantem
3206 6097 3227 6127 ,
3261 6048 3634 6137 principalis
3648 6047 3777 6117 fuit
3791 6073 3942 6119 cau-

2677 6142 2742 6209 sa
2769 6142 3013 6212 reditus
3056 6144 3390 6215 pontificis
3427 6148 3777 6237 Gregorii,
3833 6152 3949 6238 qni

3746 6267 3953 6334 pecu-
