4745 7357
2211 761 2627 907 Historia
2668 767 2780 877 de
2817 766 3206 916 Magno
4207 897 4218 906 ‚

2699 927 3067 1028 §allicanae
3090 987 3110 1017 ,
3137 929 3493 1030 multattjue
3516 935 3677 1005 aliae.
3784 932 3874 1004 Et
3894 934 3983 1004 ni·
4053 929 4253 1028 Annua

2701 1026 3078 1099 hilominiis
3128 1054 3368 1102 omnes
3419 1037 3549 1103 istae
3579 1037 3996 1125 particulares
4062 1030 4250 1124 ¹409·

960 921 967 922 γ
1052 949 1258 1023 Ann'u,
1309 807 1389 999 ιῗ
1399 953 1537 1018 quo
1582 923 1837 1002 Praelati
1864 928 2290 1003 &Dostores
2316 934 2584 1002 suarum

1043 1058 1225 1127 1409.
1307 1034 1658 1099 nationum
1728 1052 2222 1123 congregentur
2263 1088 2284 1117 ,
2339 1033 2584 1123 absque

1304 1129 1641 1199 Pontificis
1675 1137 2200 1217 convocatione,
2246 1134 2314 1200 ᾰ
2348 1156 2430 1200 an
2459 1131 2580 1200 hu-

1301 1229 1592 1319 jusmodi
1618 1230 1844 1300 Coetus
1873 1234 2248 1321 legitimum
2287 1231 2356 1300 fit
2387 1231 2580 1300 Con-

1306 1330 1536 1399 cilium
1554 1384 1572 1414 ,
1593 1331 1658 1398 ἀ
1674 1331 1812 1399 hoc
1830 1335 2040 1421 ipsum
2056 1334 2207 1402 Con
2217 1335 2442 1401 cilium
2462 1332 2576 1400 eli-

1295 1448 1465 1515 gere
1479 1432 1667 1519 poffit
1682 1431 2096 1501 Pontificem.
2202 1431 2382 1500 Hinc
2402 1452 2574 1499 non-

1299 1529 1462 1599 nulli
1492 1526 1892 1615 inserebant,
1918 1528 2117 1620 quod
2136 1534 2203 1598 in
2226 1534 2380 1601 casu
2413 1553 2579 1622 prae-

1298 1628 1461 1697 senti
1481 1683 1502 1712 ,
1528 1630 1615 1696 de
1641 1651 1785 1716 quo
1814 1635 2061 1719 agitur,
2100 1630 2381 1702 Ecclesia
2415 1653 2575 1700 ean-

1294 1729 1452 1795 dem
1538 1726 1771 1796 habeat
1848 1733 2248 1820 potestatem
2288 1755 2306 1798 :
2410 1732 2576 1798 alio-

1295 1830 1458 1915 quin
1474 1829 1655 1895 enim
1673 1828 1931 1913 JESUS
1952 1828 2247 1900 Christus
2262 1831 2436 1901 haud
2461 1827 2574 1897 be-

1291 1926 1772 2014 neprovidiffet
1785 1928 2059 2018 Sponsae
2076 1935 2205 2002 suae
2217 1986 2236 2017 ,
2256 1947 2329 2000 ut
2345 1931 2423 2000 ab
2469 1932 2572 1997 in-

1292 2030 1589 2095 numeris
1622 2031 1811 2097 malis
1837 2027 1873 2096 ὲ
1892 2030 2236 2100 schismate
2250 2031 2573 2121 proveni-

1294 2123 1551 2194 entibus
1575 2126 2004 2212 ,liberaretur
2026 2186 2045 2214 ,
2066 2134 2245 2221 qnod
2265 2134 2406 2199 duo
2432 2131 2574 2197 exi·

1291 2226 1885 2296 stimatiPontifices
1898 2231 2020 2298 suis
2042 2233 2320 2320 artificijs
2345 2233 2414 2300 ὅ(
2432 2230 2571 2296 col-

1290 2323 1641 2395 lusionibus
1669 2329 1944 2429 reddere
1971 2330 2225 2423 poffcnt
2254 2345 2570 2424 perpetu-

1296 2447 1436 2494 um.
2267 2459 2273 2466 ·

1398 2523 1562 2592 Haec
1636 2524 1976 2596 Doctores
2020 2530 2116 2598 illi
2163 2540 2571 2616 argumenta

1292 2622 1726 2715 proferebant
1766 2649 1787 2709 3
1842 2627 2071 2715 quibus
2097 2631 2243 2698 dua:
2274 2624 2568 2695 confide·

1287 2727 1582 2792 rationes
1614 2722 1719 2792 hic
1754 2729 1903 2795 addi
1940 2728 2196 2818 poffunt
2228 2751 2249 2812 3
2321 2725 2390 2793 ἀ
2436 2747 2565 2815 pro

1289 2825 1531 2914 majori
1571 2825 1862 2894 claritate
1914 2828 2564 2919 praesupponendum

1293 2925 1381 2990 est
1405 2979 1426 3008 ,
1449 2925 1631 3012 quod
1653 2928 2027 2996 nullatenus
2052 2932 2277 3015 negari
2311 2926 2568 3017 potesta

1286 3042 1534 3111 nempe
1555 3025 2086 3114 distinguendum
2121 3026 2424 3096 effeinter
2439 3027 2560 3126 Ep·

1290 3121 1549 3190 cleliam
1620 3123 1995 3196 Romanam
2052 3128 2517 3217 particularem
2540 3175 2563 3207 ,

1292 3225 1362 3291 ἃ
1394 3221 1747 3292 Ecclesiam
1778 3225 2194 3297 Catholicam
2228 3223 2564 3296 universa-

1288 3322 1451 3388 lem.
1546 3323 1825 3393 Ecclesia
1887 3327 2194 3401 Romana
2242 3343 2561 3418 quatenus

1286 3421 1378 3488 est
1392 3423 1793 3508 particularis
1826 3426 2101 3494 Ecclesia
2123 3483 2142 3512 ,
2163 3430 2251 3495 est
2293 3424 2559 3494 Diaece-

1254 3520 1361 3589 wis
1394 3516 1736 3608 Romana,
1769 3548 1913 3614 quae
1941 3527 2092 3595 ficut
2121 3529 2258 3594 aliae
2281 3539 2558 3606 omnes,

1293 3615 1388 3687 itii
1421 3620 1556 3710 ipsa
1589 3622 1739 3691 suos
1776 3623 1976 3695 habet
2015 3625 2259 3695 limites
2310 3650 2330 3695 ε
2398 3628 2556 3695 alte-

1288 3741 1359 3788 ra
1377 3772 1398 3802 ,
1416 3736 1741 3810 quatenus
1772 3730 2208 3817 componitur
2229 3750 2310 3794 ex
2335 3727 2555 3795 omni-

1287 3816 1410 3887 bus
1426 3817 1806 3892 Diaecefibus
1825 3879 1846 3910 ,
1864 3825 1974 3895 seu
1994 3849 2075 3897 ex
2098 3826 2405 3897 omnibus
2423 3829 2554 3896 Ec-

1285 3919 1489 4008 clefijs
1507 3923 2006 4010 particularibus
2027 3982 2048 4012 .,
2098 3951 2238 4014 qua:
2263 3923 2411 3995 licet
2435 3948 2554 4016 per

1287 4016 1548 4087 Orbem
1616 4025 1993 4094 universum
2064 4030 2502 4096 extendantur
2527 4080 2548 4111 ,

1286 4139 1525 4185 omnes
1542 4133 1766 4191 tamen
1789 4121 1900 4192 sub
1945 4148 2081 4194 uno
2112 4126 2255 4194 solo
2290 4128 2549 4216 capite,

1284 4217 1594 4286 omnibus
1622 4224 1761 4310 alijs
1786 4222 2124 4312 superiore
2145 4280 2163 4308 ,
2192 4230 2509 4295 uniuntur
2527 4281 2552 4311 ,

1283 4319 1469 4405 quod
1497 4320 1583 4386 est
1629 4321 2000 4414 Episcopus
2047 4317 2388 4399 Romanus·
2417 4380 2437 4410 ,
2479 4319 2552 4394 iit

1278 4417 1591 4487 Pontifex
1611 4422 1676 4490 ὅ(
1699 4421 1922 4493 Pastor
1952 4426 2315 4495 universalis
2337 4427 2403 4495 ὃ(
2422 4426 2548 4510 JE·

1280 4516 1347 4585 su
1385 4514 1624 4587 Christi
1660 4521 1950 4592 Vicarius
1988 4528 2055 4592 in
2097 4530 2282 4595 terris
2306 4583 2326 4611 ,
2354 4527 2566 4616 super⁴

1276 4636 1555 4704 gregem
1628 4620 1816 4689 suum
1863 4625 2155 4713 vigilans.
2248 4625 2548 4696 Durante

1278 4712 1453 4800 hoc,
1492 4718 1573 4784 de
1609 4742 1745 4806 quo
1780 4720 2143 4795 Historiam
2192 4727 2376 4795 istam
2398 4725 2546 4794 scri-⁶

1278 4813 1494 4883 bimus
1521 4872 1541 4899 ,
1565 4818 1931 4909 schismate,
1958 4825 2234 4894 Ecclelia
2262 4824 2544 4895 Univer-

1274 4915 1411 4984 salis
1427 4918 1491 4983 ὅ(
1508 4918 1809 4987 Romana
1836 4921 2072 4992 misere
2099 4925 2502 4995 lacerabatur
2517 4980 2540 5014 ,

1276 5018 1439 5085 dum
1494 5016 1790 5088 Ecclesiae
1850 5025 2285 5111 particulares
2321 5081 2341 5111 ,
2391 5043 2540 5095 tan-

1272 5136 1474 5206 quam
1505 5115 1801 5187 membra
1828 5124 2001 5191 illius
2022 5128 2542 5214 praecipuainter

1268 5214 1333 5283 se
1366 5214 1872 5303 dividebantur3
1926 5220 2036 5292 ubi
2074 5225 2371 5294 Ecclefiae
2409 5226 2540 5294 Ita·

1274 5317 1377 5383 liae
1395 5368 1414 5397 ,
1439 5316 1505 5383 ὅ(
1535 5316 1899 5405 specialiter
1922 5320 2226 5393 Romana
2260 5342 2441 5394 erant
2471 5329 2540 5393 in

1271 5413 1651 5484 obedientia
1709 5415 1957 5488 Urbani
2006 5427 2071 5494 ὅτ,
2106 5424 2541 5494 successorum
2585 5413 2592 5424 ⁸

1273 5519 1408 5604 ejus
1436 5536 1457 5597 3
1516 5516 1656 5585 aliae
1686 5510 1793 5600 ,iit
1825 5517 2381 5613 Gallicanaeatque
2413 5524 2539 5594 Hi-

1267 5617 1481 5707 spanae
1515 5614 1971 5687 obedientiam
2006 5620 2363 5693 Clementis
2398 5646 2539 5691 ami·

1268 5714 1730 5808 plectebantur
1782 5732 1803 5802 3
1870 5740 2001 5789 nec
2030 5748 2168 5809 non
2204 5725 2540 5792 Benedicti

1266 5813 1823 5888 succefforisillius
1867 5843 1886 5888 ε
1922 5822 2060 5891 aliae
2081 5824 2536 5892 nonnullaeim

1269 5918 1640 5985 differentes
1661 5917 2044 5997 manebant,
2070 5926 2283 5992 neutri
2304 5921 2539 5992 obedi·

1271 6019 1461 6085 entia:
1495 6016 1893 6087 adhaerentes
1927 6075 1950 6105 ,
1979 6026 2082 6091 uti
2111 6026 2255 6113 post
2289 6022 2540 6091 subtra-

1266 6115 1576 6189 ‹stionem
1616 6115 1913 6191 fecerunt
1957 6145 2195 6194 omnes
2241 6122 2540 6196 Ecclesia:

2702 1128 3008 1198 Ecclesiae
3034 1134 3211 1211 inter
3241 1135 3312 1202 se
3343 1131 3737 1204 uniebantur
3769 1140 3838 1205 in
3862 1159 3986 1222 eu,
4065 1181 4094 1202 -.

2703 1227 2895 1326 quod
2954 1231 3218 1321 semper
3272 1236 3586 1303 inhaerere
3641 1237 3987 1307 voluerint

2701 1326 2938 1399 samstae
2976 1329 3135 1399 Sedi
3167 1334 3554 1424 Apostolicae
3597 1388 3618 1419 ,
3655 1335 3982 1431 erantque

2701 1429 2769 1495 in
2793 1427 3108 1498 bonafide
3132 1486 3153 1517 ,
3178 1456 3318 1502 non
3339 1432 3635 1502 obstante
3650 1435 3977 1506 Schifina-

2702 1543 2771 1596 te
2802 1581 2821 1612 ,
2842 1528 3340 1618 quiassnimiriim
3373 1557 3453 1603 ex
3478 1552 3760 1626 utraque
3787 1555 3977 1628 parte

2698 1631 2987 1697 rationes
3006 1683 3025 1714 ,
3052 1631 3568 1703 &authoritates
3585 1651 3774 1704 erant
3790 1692 3809 1721 ,
3825 1642 3974 1727 qui-

2698 1725 2817 1794 b‘us
2839 1745 3115 1817 utraque
3142 1755 3290 1821 pars
3311 1735 3706 1805 reddebatur
3723 1739 3972 1828 proba-

2696 1824 2837 1895 bilis
2857 1884 2876 1915 ,
2896 1825 3067 1898 &ita
3089 1833 3248 1918 eligi
3277 1849 3542 1923 poterat
3579 1857 3710 1902 una
3741 1841 3849 1906 vel
3879 1842 3970 1906 al-

2697 1942 2836 1994 tera
2872 1928 3248 2004 obedientia
3275 1986 3295 2016 ,
3325 1952 3531 2026 prout
3579 1957 3971 2025 argumenta

2694 2022 2929 2096 melius
2963 2028 3237 2101 fundata
3268 2033 3762 2122 reperiebantur
3790 2062 3811 2121 3
3860 2041 3971 2110 vel

2694 2131 2900 2196 etiam
2923 2126 3114 2217 plane
3131 2131 3426 2223 suspendi
3463 2153 3727 2224 poterat
3758 2142 3828 2205 in
3845 2141 3967 2207 du·
4067 2171 4072 2176 ·

2693 2223 2806 2295 bio
2823 2231 3137 2317 judicium
3161 2286 3182 2316 ,
3224 2232 3587 2322 usquedum
3608 2237 3970 2306 authorita-

2691 2339 2757 2393 te
2775 2331 3082 2417 suprema
3108 2329 3395 2426 Concilij
3429 2336 3708 2423 legitimi
3726 2391 3747 2422 ,
3766 2339 3958 2408 causa

2686 2427 3130 2497 decideretur.
3517 2439 3538 2458 ‘

2790 2527 2938 2612 Jam
2971 2525 3135 2598 vero
3156 2526 3473 2615 agebatur
3491 2587 3512 2618 ,
3537 2557 3620 2603 an
3656 2538 3784 2605 tale
3811 2535 3962 2607 fue-

2687 2628 2774 2694 rit
2818 2627 3212 2697 Concilium
3258 2631 3587 2703 Pisanum.
3684 2640 3836 2728 Qa
3875 2643 3962 2710 de

2687 2726 2913 2806 reduo
2956 2729 3087 2797 dici
3120 2726 3960 2818 poss'unt,&conliderari=

2684 2828 3200 2916 primum,quod
3213 2848 3452 2920 praeter
3466 2831 3768 2904 Ecclesnas
3783 2836 3952 2908 Ger-

2686 2928 2928 2995 mania:
2947 2979 2967 3009 ,
2983 2927 3213 2997 Galliae
3235 2983 3257 3014 ,
3277 2929 3529 3019 Angliae
3553 2989 3575 3020 ,
3591 2933 3955 3028 Bohemiae‚

2687 3023 3021 3096 Lusitaniae
3058 3082 3079 3113 ,
3130 3027 3490 3118 Hungariae
3529 3088 3550 3119 ,
3610 3036 3949 3125 Poloniae,

2682 3115 3078 3213 Regnorum
3131 3126 3762 3218 Septentrionalium
3797 3192 3817 3222 ,
3879 3141 3953 3212 ὅ(

2683 3229 2925 3315 majori
2943 3249 3027 3296 ex
3054 3244 3240 3318 parte
3276 3232 3514 3318 Italiae,
3540 3235 3776 3325 &ipsa
3810 3236 3952 3306 Ro-

2681 3347 2900 3411 mana,
2919 3349 3045 3417 pro
3063 3327 3321 3397 summe
3337 3333 3643 3420 legitimo
3659 3337 3819 3405 illud
3834 3339 3950 3406 ha-

2679 3423 2897 3492 buerit
2933 3480 2953 3510 ,
2983 3431 3134 3515 quia
3165 3428 3619 3500 Alexandrum
3656 3435 3735 3503 V.
3779 3431 3947 3505 eius-

2678 3546 2811 3613 que
2858 3524 3290 3596 successorem
3330 3530 3656 3613 Joannem
3698 3533 3943 3607 XXIII.

2675 3646 2805 3716 pro
2836 3628 3002 3695 veris
3035 3627 3454 3700 Pontificibus
3497 3639 3824 3723 agnovit,
3873 3637 3946 3708 <St

2676 3724 3158 3816 consequenter
3177 3768 3192 3777 ³
3215 3729 3529 3801 Concilio
3592 3737 3826 3805 Pisano
3879 3738 3951 3808 se

2675 3822 2958 3895 submiiit
2993 3850 3012 3894 ε
3052 3850 3272 3913 exquo
3288 3837 3824 3904 concludendum
3846 3841 3945 3906 vi-

2670 3926 2892 4010 detur,
2915 3923 3105 4016 quod
3122 3926 3597 4020 Ecclefia(ci1m
3617 3938 3751 4003 duo
3770 3940 3946 4007 Pon-

2671 4026 2870 4094 tifices
2907 4029 3150 4097 eodem
3190 4046 3504 4123 tempore
3533 4058 3662 4127 pro
3689 4042 3851 4104 veris
3874 4050 3945 4105 aa

2669 4125 2897 4211 gnosci
2919 4131 3294 4218 nequeant)
3331 4135 3492 4203 dum
3514 4134 3945 4226 obtemperat

2672 4225 2987 4293 Concilio
3013 4280 3034 4311 ,
3071 4230 3524 4303 Alexandrum
3560 4237 3634 4303 V.
3672 4258 3798 4324 pro
3825 4258 3939 4305 ve*

2670 4344 2751 4393 ro
2781 4325 3491 4419 Pontifice·recipiendo
3510 4390 3532 4419 ,
3575 4332 3942 4425 omnesque

2668 4427 2803 4510 ejus
2823 4426 3317 4498 Praedeceffores
3339 4486 3358 4515 ,
3398 4435 3602 4525 usque
3627 4437 3707 4503 ad
3728 4434 3942 4504 Urba·

2666 4546 2831 4591 num
2865 4523 2973 4591 Vl.
3011 4526 3422 4601 ascendendo
3455 4589 3477 4619 ,
3529 4533 3765 4604 dubios
3789 4539 3940 4627 post

2669 4618 3056 4693 Concilium
3094 4626 3394 4701 Pisanum
3429 4688 3450 4717 ,
3502 4635 3766 4706 censere
3811 4660 3937 4725 po-

2666 4726 2865 4790 tuerit
2928 4724 3301 4799 Pontifices.
3392 4722 3678 4803 Ev'idens
3730 4739 3936 4808 etiam

2661 4823 2964 4910 videtur,
3015 4822 3203 4914 quod
3234 4832 3596 4904 authoritas
3621 4841 3935 4907 omnium

2663 4923 2930 4992 istarum
2954 4926 3382 5001 Eccleliarum
3401 4938 3889 5023 particularium
3903 4990 3927 5020 ‚

2659 5043 2811 5090 cum
2831 5019 3104 5094 Ecclessa
3124 5028 3422 5100 Romana
3449 5037 3799 5126 praevalere
3818 5039 3932 5104 de·

2659 5119 2811 5191 beat
2844 5126 3151 5213 opinioni
3189 5129 3409 5201 Sancti
3450 5136 3775 5205 'Antonini
3804 5187 3825 5218 ,
3859 5136 3932 5204 δε

2661 5223 3194 5313 paucissimorum
3208 5232 3473 5302 illorum
3490 5289 3510 5320 ,
3530 5240 3641 5323 qui
3657 5256 3812 5303 eum
3830 5232 3929 5302 se-

2660 5340 2951 5411 quuntur
2964 5381 2984 5411 ,
3005 5346 3204 5416 prout
3221 5332 3360 5423 ipse
3376 5337 3445 5402 in
3464 5335 3581 5402 hac
3599 5336 3929 5424 opinione

2656 5422 2915 5490 secutus
2948 5431 3035 5495 est
3064 5431 3460 5519 Magistrum
3491 5434 3684 5503 suum
3719 5441 3926 5520 joan-

2657 5543 2817 5590 nem
2834 5524 2915 5591 de
2937 5525 3348 5614 Dominicis,
3365 5533 3479 5620 qui
3498 5530 3619 5602 fuit
3643 5557 3814 5603 unus
3843 5554 3927 5602 ex

2658 5622 2785 5689 illis
2800 5642 3089 5713 quatuor
3111 5627 3574 5700 Cardinalibus
3599 5631 3636 5701 a
3659 5633 3927 5724 Grego-

2657 5724 2762 5789 rio
2777 5742 3006 5791 contra
3027 5729 3205 5796 suam
3232 5734 3726 5818 promiffionem
3746 5755 3927 5802 crea-

2658 5824 2738 5888 tis
2761 5878 2779 5907 ‚
2818 5825 2887 5890 &
2916 5830 3027 5911 qui
3055 5848 3185 5918 pro
3219 5828 3456 5899 talibus
3488 5855 3828 5922 nunquam
3855 5857 3928 5899 a-

2656 5924 2833 6007 gniti
2859 5920 3044 5992 suere
3063 5979 3084 6009 ,
3105 5930 3230 5996 nisi
3262 5933 3613 6019 postquam
3645 5930 3926 6003 inCon-

2658 6022 2811 6090 cilio
2863 6020 3330 6097 Constantienss
3371 6034 3453 6100 de
3482 6054 3671 6102 novo
3714 6038 3925 6105 creati

2655 6119 2932 6193 fuiss‘ent·
3035 6128 3134 6199 Ex
3152 6129 3249 6199 his
3291 6148 3513 6205 tamen
3540 6134 3774 6206 inferri
3807 6158 3926 6203 ne·

3746 6238 3930 6327 quit,
