4745 7357
980 936 1190 1002 annu·
1241 963 1257 980 ·

1253 815 1424 926 124
2118 761 2127 770 ’
2270 779 2693 928 &storia
2734 772 2848 883 de
2887 689 3271 922 Mgno

1237 980 1763 1056 interrogaretur
1780 959 1801 1050 ,
1817 986 1900 1035 an
1924 965 2262 1060 quidpiam
2294 968 2391 1035 illi
2415 989 2540 1059 op.

2660 958 3099 1051 spendebatur
3115 961 3449 1031 sententia:
3463 956 3796 1029 executio.
3827 932 3968 1022 Im:
4030 939 4245 1003 Anna.

995 1035 1111 1103 ¹4¹
1124 1035 1184 1104 ς’
1235 1069 1633 1156 ponendum
1648 1067 1945 1152 haberet3
1970 1071 2301 1158 maj0rem
2319 1066 2541 1136 adhuc
2661 1077 2934 1152 perator
2951 1065 3130 1130 enim
3147 1063 3508 1130 custodiam
3535 1059 3702 1128 illius
3734 1053 3986 1122 Ludo·¹
4009 1079 4012 1082 ¹
4039 1039 4145 1105 ¹4¹
4159 1041 4234 1109 5‘

1229 1164 1717 1239 fortitudinem
1784 1171 1989 1238 animi
2038 1169 2107 1237 ἀ
2172 1172 2495 1237 virtutem
2515 1221 2538 1252 ,

1228 1264 1436 1357 quam
1473 1264 1663 1336 anteit
1694 1319 1712 1352 ,
1769 1270 2075 1338 ostendit.
2174 1264 2538 1357 Postquam

1227 1369 1415 1437 enim
1433 1368 1615 1436 illam
1630 1363 1826 1436 tacite
1842 1368 2112 1455 legisset,
2127 1367 2360 1459 absque
2380 1389 2534 1435 om·

1227 1470 1297 1535 ni
1316 1469 1797 1538 commotionis
1816 1470 2067 1538 iudicio
2087 1523 2108 1556 ,
2122 1467 2406 1559 rogabat
2426 1521 2447 1553 ,
2463 1467 2538 1539 fi·-

1223 1562 1296 1636 bi
1344 1588 1493 1636 eam
1542 1555 1816 1638 concedi
1864 1591 2018 1638 cum
2064 1572 2211 1638 otio
2253 1591 2536 1660 perpen-

1229 1666 1541 1736 dendam.
1644 1666 2134 1738 Recedentibus
2152 1663 2533 1759 Deputatis,

1226 1765 1479 1836 duabus
1495 1765 1677 1836 horis
1697 1769 1881 1838 illam
1900 1771 2361 1850 confideravit3
2383 1785 2532 1838 tum

1218 1870 1553 1937 revocatis
1584 1922 1610 1953 ,
1669 1891 1824 1938 cum
1877 1868 2251 1941 incredibili
2320 1871 2530 1938 animi

1223 1965 1562 2058 praesentia
1619 1970 1844 2053 dixit3
1896 1963 1962 2038 se
2006 1972 2192 2039 illam
2214 1963 2532 2038 cuntstos-

1228 2087 1365 2156 que
1410 2069 1723 2137 articulos
1791 2066 2001 2159 probe
2071 2069 2481 2159 perpendiffe
2501 2123 2523 2153 ‚

1228 2160 1511 2255 eamque
1532 2170 1699 2237 clara
1720 2169 2205 2259 &intelligibili
2226 2192 2393 2239 voce
2414 2173 2531 2239 de-

1227 2261 1375 2337 nuo
1425 2268 1711 2357 perlegit
1732 2324 1753 2353 ,
1778 2270 2169 2360 approbavit
2191 2325 2212 2354 ,
2238 2269 2528 2340 &ratam

1222 2362 1450 2435 habuit
1477 2389 1562 2435 ex
1582 2385 1757 2436 certa
1787 2369 2051 2440 scientia
2069 2425 2090 2456 ,
2120 2387 2441 2460 quantum
2460 2391 2529 2438 e-

1224 2465 1326 2554 jus
1363 2468 1662 2534 conditio
1727 2471 2007 2559 praesens
2067 2469 2526 2560 permittebat.

1218 2560 1414 2634 Tum
1445 2568 1706 2654 pectori
1739 2567 2009 2639 admota
2027 2592 2227 2639 manu
2248 2571 2488 2660 juravit
2504 2622 2530 2657 ,

1218 2661 1646 2754 senunquam
1680 2687 1910 2738 contra
1943 2671 2527 2740 hancsententiam

1217 2766 1739 2837 reclamaturum
1765 2824 1784 2853 ,
1808 2792 2022 2861 neque
2039 2771 2118 2838 ad
2138 2792 2284 2839 eam
2318 2772 2522 2840 decli·

1216 2864 1508 2934 nandam
1533 2920 1555 2951 .‚
1580 2868 1692 2936 vel
1728 2871 1809 2937 ad
1832 2870 2296 2940 Pontificatum
2335 2894 2523 2939 recu-

1214 2966 1593 3055 perandum
1617 2971 1967 3056 quidpiam
1993 2972 2296 3039 acturum
2317 2996 2337 3055 3
2368 2966 2519 3039 imo

1215 3065 1286 3134 se
1322 3088 1450 3157 pro
1471 3069 1711 3157 majori
1731 3072 2076 3139 securitate
2101 3072 2479 3160 fimpliciter
2496 3126 2518 3156 ,

1214 3168 1423 3256 pure,
1455 3164 1867 3256 spontanee,
1902 3170 1971 3239 δί
1992 3173 2196 3239 corde
2235 3187 2387 3240 toto
2417 3193 2519 3239 re·

1208 3268 1521 3343 nuntiare
1541 3266 2112 3361 otnuibusjuribus
2135 3326 2157 3355 ,
2186 3295 2327 3362 quae
2363 3270 2520 3361 pos-

1213 3364 1420 3452 stdit,
1466 3380 1575 3454 aut
1619 3369 1933 3457 p‘ossidere
1954 3367 2162 3459 poffet
2190 3395 2207 3440 τ
2259 3373 2322 3440 in
2344 3392 2519 3460 quo·

1209 3486 1364 3535 rum
1386 3469 1690 3535 omnium
1710 3468 1960 3556 lignum
1979 3524 2000 3556 ,
2020 3469 2313 3539 Crucem
2340 3470 2520 3539 Pon·

1207 3561 1585 3634 tificaleme
1625 3568 1744 3635 suo
1763 3567 2085 3639 conclavi
2113 3567 2356 3639 auferri
2398 3567 2520 3660 jus:-

1205 3662 1282 3735 fit
1324 3689 1348 3749 3
1396 3661 1583 3754 quod
1608 3666 1644 3736 fi
1662 3666 1920 3739 habitus
1940 3669 2338 3740 Pontificalis
2365 3693 2518 3739 mu-

1097 3798 1112 3816 ·
1208 3767 1447 3833 tandus
1470 3769 1559 3834 est
1574 3820 1595 3850 ,
1614 3789 1817 3857 quem
1833 3768 2049 3839 adhuc
2069 3770 2372 3861 portabat
2397 3795 2418 3855 3
2450 3772 2515 3841 se

1207 3865 1395 3935 illum
1417 3866 1834 3957 praesehtibus
1876 3870 2225 3962 Deputatis
2259 3872 2534 3962 depost-¹

1210 3978 1460 4035 turum.
1566 3964 1779 4056 Quod
1799 3994 1882 4039 ex
1912 3986 2059 4040 toto
2089 3972 2532 4061 cordecupe·‘

1209 4078 1313 4134 ret
1346 4119 1373 4159 ,
1400 4064 1459 4133 se
1483 4068 2033 4166 nqnquan‘fuiffe
2066 4072 2456 4141 Pontificem
2479 4084 2530 4159 ,'

1205 4148 1371 4255 qui}
1393 4166 1493 4234 sua
1516 4170 1923 4239 exaltatione
1941 4172 2197 4241 nullum
2218 4174 2397 4243 diem
2415 4171 2511 4242 se-

1204 4283 1444 4336 renum
1472 4265 1773 4340 habuerit
1811 4296 1834 4357 3
1888 4266 2110 4342 multo
2144 4273 2362 4342 minus
2395 4274 2512 4343 ad-

1197 4365 1332 4434 huc
1371 4367 1574 4437 semel
1604 4369 1742 4438 fieri
1771 4372 2091 4443 defideret
2116 4396 2139 4457 3
2196 4370 2508 4443 affevera·

1200 4462 1313 4537 ba‘t
1334 4521 1353 4551 ‚
1376 4470 1561 4554 quod
1586 4466 1623 4533 11
1640 4465 1870 4538 denuo
1905 4475 2300 4563 eligeretur,
2328 4496 2503 4543 nun·

1201 4587 1403 4654 quam
1436 4572 1500 4634 in
1526 4566 1932 4639 electionem
1974 4571 2126 4641 esset
2158 4574 2506 4645 consensu-

1199 4684 1354 4734 rus:
1403 4661 1732 4737 Caeteriun
1760 4664 2233 4760 protestabatur
2259 4729 2278 4760 ‚
2314 4672 2525 4764 quod

1198 4761 1245 4832 fi
1275 4767 1422 4854 post
1451 4768 1589 4839 haec
1610 4773 1845 4838 omnia
1865 4825 1887 4855 ,
1910 4794 2050 4859 quat
2068 4772 2263 4859 fecit,
2282 4776 2500 4843 adhuc

1194 4868 1676 4956 impeteretur,
1700 4870 1764 4938 ἀ
1789 4887 2018 4942 contra
2052 4872 2113 4942 fe
2152 4876 2234 4943 ad
2275 4893 2497 4963 poenae

1192 4968 1550 5055 rigidiores
1585 4974 2091 5059 procederetur,
2118 4989 2259 5042 tum
2283 4973 2347 5043 se
2381 4976 2499 5044 ali·

1194 5077 1303 5136 ter
1336 5064 1536 5156 quam
1568 5064 1883 5140 hasteniis
1918 5071 2386 5157 defensurum,
2420 5075 2492 5145 ἀ

1198 5184 1434 5239 coram
1462 5172 1602 5259 ipso
1639 5169 1958 5266 Concilio
1974 5174 2353 5263 judicialiter
2386 5195 2491 5242 re-

1190 5267 1583 5360 sponsurum
1612 5326 1633 5356 ,
1679 5268 1864 5362 quod
1893 5292 2018 5364 pro
2057 5271 2284 5358 Judice
2312 5294 2499 5344 acce·

1196 5368 1413 5459 ptavit
1447 5425 1468 5455 ‚
1516 5365 1780 5462 ejusque
1828 5388 2029 5469 atque
2061 5371 2520 5466 Imperatoris'

1192 5469 1692 5557 protectionem
1711 5471 2113 5560 imploravit.
2213 5470 2319 5542 De
2351 5474 2490 5542 hoc

1194 5584 1349 5637 toto
1385 5565 1504 5638 suo
1539 5569 1855 5663 responso
1888 5574 2119 5643 actum
2157 5574 2494 5642 authenti·

1190 5686 1350 5737 cum
1366 5670 1502 5740 fieri
1539 5678 1783 5742 curavit
1817 5692 1934 5762 per
1976 5673 2488 5743 Protonotarios

1189 5768 1618 5860 Apostolicos
1633 5766 2005 5864 praeseiiteS,
2024 5794 2146 5862 pto
2170 5769 2356 5841 bono
2372 5786 2490 5863 pa·⁸

1198 5867 1288 5938 cis
1308 5870 1371 5937 ἅ
1388 5873 1654 5942 unionis
1675 5872 1903 5942 sanate
1923 5872 2235 5941 Eccleliae.
2507 5884 2512 5889 ’

1310 5967 1460 6039 Hac
1501 5978 1759 6042 ratione
1798 6028 1819 6059 ,
1857 5969 1986 6042 fine
2016 5975 2207 6041 omni
2241 5969 2485 6058 dubie,

1200 6082 1512 6159 tanquam
1537 6070 1657 6141 Vir
1678 6071 1923 6164 probus
1948 6126 1971 6159 ,
1993 6071 2247 6164 sapiens
2263 6073 2327 6140 &
2346 6096 2506 6153 ma-,

1202 6171 1553 6265 gnanimus
1567 6176 1703 6263 egit
1738 6198 1760 6261 3
1811 6194 1955 6252 non
1970 6188 2194 6249 tamen
2213 6170 2370 6245 ideo
2390 6173 2496 6264 suf
2523 6166 2528 6169 ’

2661 1165 2819 1231 vico
2831 1161 3131 1230 Palatino
3155 1161 3417 1230 Comiti
3433 1159 3652 1250 Rheni
3665 1155 3969 1226 commi-

2662 1260 2733 1328 fit
2749 1317 2770 1347 ,
2806 1259 2842 1329 a
2877 1283 3017 1350 quo
3038 1264 3332 1352 captivus
3355 1262 3588 1331 ductus
3613 1264 3703 1342 est
3726 1252 3959 1347 primo
3980 1330 4022 1379 1⁹
4027 1320 4133 1379 ια,

2661 1359 3185 1450 Heidelbergam
3215 1417 3236 1448 ,
3258 1360 3531 1431 subinde
3555 1357 3961 1431 Manheimi-
3977 1345 4217 1466 Nan-122⁰»-

2657 1484 2777 1530 um
2794 1517 2814 1548 ,
2832 1461 2939 1531 ubi
2955 1459 3166 1531 ferme
3184 1461 3475 1531 triennio
3496 1453 3838 1530 arstissime
3853 1474 3953 1525 te·
3958 1514 4069 1569 gen
4111 1503 4221 1560 48.

2655 1561 2936 1632 uebatur
2950 1562 3189 1633 clausus
3209 1568 3402 1631 omni
3424 1565 3753 1631 destitutus
3780 1581 3944 1629 con·
3967 1579 4218 1657 onuphr.

2654 1659 2981 1732 solatione
3005 1688 3029 1732 ε
3076 1662 3272 1731 ablati
3327 1659 3615 1752 uiamque
3659 1664 3755 1731 illi
3797 1659 3940 1728 fue·
3953 1669 4177 1722 ciacon.

2655 1780 2813 1833 runt
2844 1783 3080 1831 omnes
3114 1764 3457 1832 domestici
3496 1766 3565 1832 δι
3598 1763 3950 1833 serviente·

2655 1861 2840 1948 Itali,
2865 1865 3017 1932 solis
3042 1862 3395 1933 Germanis
3426 1867 3523 1933 ill-i
3555 1867 3637 1932 ad
3670 1862 3957 1931 custodi-

2655 1985 2768 2033 am
2790 1965 2855 2033 ὅ(
2874 1965 3210 2033 servitium
3228 1965 3500 2051 relidiis,
3521 1988 3676 2033 cum
3696 1960 3962 2052 quibust,

2655 2059 2810 2132 cum
2826 2087 2947 2132 nec
2976 2055 3118 2131 illos
3146 2062 3542 2154 intelligeret
3565 2067 3919 2153 loquentes
3935 2110 3961 2145 ,

2653 2186 2779 2232 nec
2799 2162 2879 2234 ab
2895 2166 3030 2232 illis
3048 2164 3524 2251 intelligeretur
3542 2219 3562 2248 ,
3606 2166 3761 2233 solis
3779 2164 3966 2231 nuti·-

2654 2262 2774 2334 bus
2790 2267 2857 2334 &
2875 2264 3066 2353 lignis
3095 2284 3293 2353 agere
3314 2264 3695 2352 cogebatur.
3795 2262 3963 2330 Pro-

2654 2379 2885 2456 pterea
2914 2388 3052 2434 non
3071 2366 3376 2450 deerant,
3395 2368 3510 2457 qui
3551 2382 3787 2435 contra
3814 2360 3954 2429 Iin-

2654 2483 3038 2557 peratorem
3081 2463 3579 2555 sigismundum
3615 2518 3638 2550 ,
3688 2457 3960 2554 ejusque

2650 2570 2946 2653 rigorem
2961 2563 3553 2654 conquerebantur
3566 2621 3587 2651 ,
3619 2561 3806 2655 quod
3826 2563 3955 2628 mi·

2648 2661 2778 2734 titis
2797 2669 2868 2734 in
2894 2666 3014 2735 hac
3051 2666 3389 2735 occafione
3425 2667 3794 2756 procedere
3824 2683 3954 2752 po·

2651 2765 2883 2835 tuiffet.
2980 2764 3294 2835 Tandem
3318 2769 3539 2850 enim,
3561 2764 3820 2845 aiebant
3835 2764 3954 2845 illi,

2650 2873 2978 2957 magnum
2999 2867 3064 2934 se
3091 2871 3379 2936 amicum
3399 2867 3593 2955 hujus
3625 2865 3953 2934 Pontificis

2647 2963 3079 3058 profitebatur
3116 2990 3138 3050 3
3199 2971 3306 3035 cui
3345 2967 3544 3034 suum
3587 2966 3959 3057 Imperium

2651 3064 2948 3137 debebat.
3048 3060 3347 3158 Ideoque
3384 3120 3406 3151 ,
3437 3068 3813 3136 dummodo
3861 3065 3958 3132 se-

2650 3189 2873 3236 curam
2895 3166 3264 3237 reddidiffet
3280 3165 3383 3236 via
3407 3169 3693 3236 ceffionis
3709 3186 3957 3256 pacem

2646 3268 2986 3352 Ecclesiae,
3026 3291 3170 3356 quae
3202 3267 3438 3357 scopus
3476 3286 3612 3336 erat
3654 3267 3959 3357 propoli-

2646 3382 2751 3435 tus
2770 3421 2790 3450 ,
2814 3368 3085 3438 evidens
3100 3363 3680 3457 videbatur,quod
3720 3369 3961 3435 amici-

2645 3469 2733 3535 tia
2775 3466 2841 3534 ἀ
2869 3468 3213 3557 gratitudo
3265 3489 3426 3536 eum
3474 3464 3814 3556 obligabat
3865 3465 3955 3535 ad

2643 3568 2990 3656 praestanda
3021 3568 3130 3634 illa
3169 3570 3398 3635 omnia
3431 3623 3453 3653 ,
3513 3589 3655 3657 qut
3688 3580 3961 3657 poterat

2647 3684 2843 3757 atque
2876 3671 3078 3737 etiam
3100 3665 3380 3738 debebat
3425 3691 3552 3758 pro
3584 3670 3695 3739 suo
3726 3668 3951 3735 amico

2644 3768 2712 3836 ὅ(
2737 3766 3167 3838 benefactore
3189 3822 3209 3854 ,
3224 3770 3307 3837 ad
3325 3770 3818 3860 interponenda
3839 3767 3949 3837 of·

2639 3868 2778 3937 ficia
2797 3870 2903 3938 sua
2920 3870 3098 3958 apud
3121 3868 3337 3937 Patres
3355 3870 3669 3960 Concilij,
3703 3887 3774 3937 ut
3793 3891 3952 3940 cum

2637 3972 3167 4053 renunciatione,
3194 3993 3393 4058 quam
3411 3972 3697 4056 Joannes
3715 3972 3780 4037 in
3796 3969 3940 4036 for-

2640 4090 2753 4138 ma
2770 4124 2791 4155 ,
2808 4071 3021 4161 qualis
3039 4070 3430 4158 exigebatur
3443 4124 3463 4153 ,
3477 4068 3796 4139 offerebat
3811 4123 3835 4154 ,
3865 4070 3940 4138 δε

2637 4171 2834 4260 reipla
2879 4170 3036 4239 fecit
3083 4194 3104 4254 3
3165 4168 3292 4238 fine
3324 4168 3619 4260 process‘u
3654 4169 3942 4259 judiciali

2636 4271 3067 4361 depolitionis
3120 4268 3426 4356 infamis,
3478 4286 3951 4339 contentaren-

2634 4386 2761 4441 tur.
2865 4371 2951 4437 Et
2979 4364 3124 4436 [ane
3157 4424 3177 4453 ,
3200 4370 3526 4439 addebant
3558 4373 3766 4462 ijdem
3793 4372 3883 4437 illi
3919 4393 3952 4456 3

2634 4471 2770 4541 hacc
2805 4469 3114 4553 judicialis
3149 4472 3466 4561 depotitio
3503 4525 3526 4556 ,
3564 4466 3943 4541 nullatenus

2633 4570 2982 4639 necessaria
3035 4586 3179 4638 erat
3230 4573 3314 4640 ad
3362 4570 3632 4642 schisma
3710 4574 3948 4640 exstin-

2631 4672 2973 4760 guendum
2992 4723 3012 4752 ,
3032 4659 3184 4738 clun
3209 4671 3350 4741 sola
3367 4671 3557 4740 ceffio
3577 4672 3775 4741 fuerit
3799 4670 3932 4741 suf-

2633 4771 2853 4839 ficiens
2871 4824 2892 4854 ,
2910 4766 3055 4838 imo
3070 4770 3342 4842 adhunc
3359 4773 3557 4843 finem
3576 4770 3776 4858 longe
3790 4772 3930 4841 for.

2630 4873 2766 4941 tior
2793 4870 2863 4937 -δι
2880 4868 3201 4939 efficacior
3236 4896 3255 4942 ε
3297 4869 3606 4963 atqueitii
3638 4872 3935 4962 Impera·

2632 4987 2741 5039 tor
2761 4972 3052 5060 praestitis
3069 4969 3378 5042 omnibus
3397 5027 3417 5058 ,
3437 4996 3584 5062 quae
3597 4975 3681 5040 ad
3698 4995 3932 5061 pacem

2635 5070 2926 5140 Ecclefiae
2944 5070 3451 5160 postulabantur
3480 5126 3500 5157 ,
3529 5071 3931 5143 satisfeciffet

2627 5184 2941 5261 tanquam
2961 5169 3084 5239 Vir
3105 5169 3418 5242 honestus
3447 5170 3672 5240 debito
3684 5175 3930 5240 amici..

2629 5270 3211 5357 tiae,Benefa6tori
3243 5272 3359 5340 suo
3392 5275 3572 5361 paria
3609 5271 3932 5341 reddidis-
3993 5324 4004 5349 J

2629 5369 3082 5444 set.honorem
3100 5372 3433 5440 pontificis
3452 5371 3519 5438 δι
3534 5368 3718 5438 Sedis
3734 5371 3925 5455 Apo..

2631 5472 2872 5541 stolicae
2901 5468 3177 5539 satvfiffiet
3196 5525 3216 5553 ,
3249 5472 3322 5538 ἀ
3351 5472 3742 5560 exemplum
3767 5493 3929 5541 om.

2625 5569 2816 5640 nibus
2903 5569 3323 5639 Pontificibus
3398 5572 3930 5661 praejudiciosurn

2628 5671 3104 5764 praepediviffet
3133 5695 3162 5755 3
3220 5672 3288 5738 in
3313 5691 3450 5758 quo
3501 5673 3790 5740 mundus
3823 5674 3922 5742 vi·
3979 5700 3990 5719 .

2633 5773 2726 5838 dit
2742 5766 2965 5861 ,quod
2995 5770 3379 5839 Concilium
3397 5770 3730 5841 Generale
3747 5775 3925 5842 ultra

2630 5872 2874 5940 limites
2899 5872 3025 5957 ,suae
3053 5873 3385 5960 potestatis
3414 5872 3790 5943 Proeess‘um
3823 5877 3930 5941 in·

2632 5972 2905 6043 nituerit
2917 5970 3371 6054 uniPourifici,
3387 5995 3590 6061 quem
3611 5994 3735 6060 pro
3751 5972 3933 6042 suiu-

2633 6069 2745 6140 rue
2795 6072 3098 6158 legitimo
3156 6069 3601 6161 agnoscebat,
3640 6065 3940 6161 eumque

2625 6187 2905 6266 propter
2919 6174 3050 6243 alia
3070 6171 3277 6266 quam
3312 6171 3638 6249 haerestos
3656 6175 3934 6265 crimina

3718 6275 3933 6363 ὀψο,
