4745 7357
1302 667 1471 794 78²
1568 773 1575 779 .

1037 838 1243 897 Annus
1300 826 1410 910 fibi
1428 815 2104 914 radendam,et'1mque
2128 841 2597 917 percontatus,

1046 935 1229 1001 1403.
1307 929 1486 997 unde
1521 925 1842 993 oriundus
1875 917 2021 993 effet
2053 949 2070 995 ε
2110 931 2220 1018 qui
2258 929 2596 1019 reposuit,

948 2925 1116 2981 ‘Mota

956 3001 1182 3080 Dionys.

893 3084 897 3087 ’
958 3093 1026 3147 L.
1067 3110 1179 3159 23·

952 3193 997 3233 c.
1033 3194 1091 3243 3.

915 5662 1144 5778 Dion3fi

925 5789 1103 5849 ibicis.
1166 5811 1226 5857 s.

924 5878 1166 5938 Marica.

1309 1050 1392 1098 ex
1425 1025 1766 1095 picardia:
1814 1022 1995 1095 Bene
2044 1030 2134 1096 est
2177 1084 2200 1115 ,
2249 1025 2594 1118 inquiebat

1307 1123 1629 1199 Pontifex
1660 1147 1681 1206 3
1725 1148 1901 1195 nunc
1924 1128 2122 1214 igitur
2152 1130 2351 1197 video
2372 1183 2394 1213 ,
2415 1128 2481 1196 N
2485 1150 2595 1198 or-

1307 1229 1594 1298 mandos
1615 1223 1737 1295 ess‘e
1757 1231 2107 1296 mendaces
2124 1283 2145 1314 ,
2170 1225 2392 1320 saepius
2408 1232 2618 1299 enim‘

1304 1326 1605 1421 jurabant
1619 1381 1642 1413 ,
1685 1329 1751 1397 se
1769 1328 1936 1396 mihi
1951 1327 2163 1417 probe
2179 1328 2425 1399 rasuros
2446 1328 2592 1398 bar-

1302 1427 1459 1498 bam
1481 1452 1504 1514 3
1531 1431 1667 1519 jam
1691 1422 1855 1496 vero
1877 1430 2184 1499 Picardus
2217 1453 2366 1498 eam
2396 1432 2588 1500 radit.

1300 1528 1440 1598 Hic
1459 1551 1759 1600 amoenus
1775 1530 1962 1616 jocus
1980 1585 1998 1613 ,
2037 1545 2175 1599 tota·
2202 1522 2325 1599 fuit
2353 1548 2590 1602 contra

1301 1627 1371 1699 N
1373 1629 1731 1697 ormandos
1748 1630 2057 1714 vindicta,
2073 1632 2181 1720 qui
2200 1649 2587 1721 eum,prout

1296 1726 1487 1821 supra
1514 1746 1930 1821 memoratus
1946 1730 2311 1800 Historicus
2336 1729 2586 1801 affeve-

1292 1848 1434 1919 rat,
1476 1825 1909 1921 indignissime
1940 1848 2140 1922 atque
2174 1830 2536 1921 asperrime
2559 1888 2582 1918 ,

1296 1932 1580 2001 durante
1596 1934 1975 2019 captivitate
1994 1984 2015 2016 ,
2035 1929 2424 2006 tradtabant.
2469 1932 2582 2004 In-

1296 2033 1379 2102 de
1398 2048 1704 2126 apparet,
1728 2030 2169 2099 Benedistum
2197 2032 2423 2101 excelli
2439 2038 2581 2105 ani-

1291 2135 1390 2202 mi
1407 2131 1596 2200 fuiffe
1612 2131 1847 2199 Virum
1865 2185 1886 2215 ,
1918 2152 2057 2198 non
2074 2134 2577 2220 vindicativum,

1294 2232 1591 2302 facetum
1613 2286 1632 2316 ,
1660 2231 1728 2299 ὅ(
1757 2233 2019 2320 semper
2038 2232 2132 2300 sui
2153 2249 2575 2324 compotem,

1288 2335 1405 2423 qui
1423 2333 1505 2400 ad
1533 2353 1769 2398 omnes
1790 2332 2072 2400 adversat
2105 2330 2576 2403 fortunaeistus

1288 2432 1625 2522 obriguit,
1646 2427 1731 2498 e&
1753 2429 2004 2500 robore
2026 2487 2046 2517 ,
2064 2428 2205 2519 quo
2226 2432 2570 2502 invincibi-

1280 2534 1360 2601 lis
1377 2532 1691 2624 appellari
1710 2546 1998 2621 poterat,
2019 2535 2219 2598 animi
2244 2535 2383 2621 ejus
2404 2556 2570 2603 con·

1254 2631 1546 2717 stantia,
1568 2629 1609 2698 li
1646 2652 1793 2698 eam
1825 2655 1978 2699 cum
2011 2630 2383 2721 prodigioia
2419 2657 2568 2723 per.

1283 2733 1519 2801 tinacia
1538 2785 1559 2816 ,
1590 2753 1733 2820 quae
1761 2753 1996 2800 omnes
2015 2728 2219 2800 bonas
2238 2735 2424 2803 dotes
2441 2732 2566 2803 ob-

1279 2832 1558 2902 scuravit
1575 2884 1595 2916 ,
1615 2854 1756 2900 non
1770 2829 2225 2923 conjunxiss‘et.

1381 2926 1562 3000 Cum
1596 2925 1895 3024 primum
1929 2930 2209 3001 libertati
2242 2936 2566 3003 restitutus

1278 3029 1527 3110 fuiss'et,
1566 3030 1989 3117 Cardinales,
2024 3039 2141 3124 qui
2175 3035 2233 3102 ei
2269 3032 2564 3103 maxime

1271 3128 1785 3202 adversabantur
1805 3190 1824 3220 ‚
1852 3136 1919 3203 ὅ(
1940 3134 2054 3223 ipfi
2073 3135 2562 3204 Avenionenses

1270 3232 1469 3301 Cives
1488 3287 1510 3318 ,
1536 3235 1601 3301 in
1627 3236 1763 3325 ejus
1781 3235 2057 3321 gratiam
2078 3238 2293 3303 redire
2308 3234 2561 3325 satage-

1267 3329 1428 3402 bant
1453 3388 1472 3418 ,
1499 3354 1696 3422 quam
1718 3337 1865 3425 post
1895 3335 2111 3402 levem
2133 3337 2560 3403 refistentiam

1270 3430 1710 3500 obtinuerunt
1743 3459 1765 3516 3
1795 3456 1865 3502 ea
1883 3451 2103 3501 tamen
2123 3439 2512 3504 conditione
2533 3489 2554 3522 ,

1268 3547 1344 3599 ut
1363 3530 1783 3618 Magistratus
1804 3588 1823 3618 ,
1852 3535 1959 3601 cui
1993 3557 2131 3603 non
2173 3529 2462 3625 amplius
2485 3535 2556 3601 fi-

1266 3626 1467 3700 debat
1497 3686 1519 3716 ,
1562 3653 1799 3701 muros
1836 3633 2053 3725 Palatii
2090 3627 2335 3703 fractos
2360 3655 2553 3726 repa-

1261 3748 1471 3818 raret,
1511 3733 1581 3798 in
1599 3737 1783 3822 quod
1797 3733 1973 3803 sorte
2001 3736 2364 3825 praeiidium
2395 3738 2550 3805 suo·

1255 3853 1404 3902 rum
1426 3832 1853 3922 Arragonum
1892 3836 2231 3925 imposuit.
2330 3836 2550 3927 Scrip-

1255 3930 1330 3997 fit
1357 3933 1607 4001 eodem
1645 3948 1953 4024 tempore
1984 3939 2067 4004 ad
2099 3936 2354 4024 Regem
2387 3935 2545 4005 Gal·

1246 4030 1350 4097 liae
1374 4085 1392 4114 ,
1449 4031 1532 4098 ad
1568 4031 1899 4125 Principes
1931 4037 1998 4103 &
2031 4036 2542 4107 Univerfitatem

1254 4127 1671 4200 Parifiensem
1693 4134 2168 4222 pulcherrimas
2187 4139 2404 4205 literas
2423 4191 2444 4221 ,
2473 4143 2542 4207 in

1250 4224 1483 4320 quibus
1503 4230 1732 4319 primo
1766 4232 2249 4325 protestabatur
2280 4292 2302 4323 ,
2337 4235 2398 4305 se
2424 4260 2540 4329 pa-

1249 4344 1464 4415 ratum
1489 4331 1613 4399 effe
1637 4336 1718 4402 ad
1738 4334 1845 4402 sua
1865 4335 2174 4424 promiss'a
2197 4338 2538 4427 implenda

1249 4431 1333 4497 de
1354 4429 1626 4500 cessione
1683 4456 1704 4519 3
1771 4434 2008 4504 deinde
2050 4439 2536 4511 restitutionem

1251 4527 1640 4601 ebedientiae
1688 4531 1800 4602 fibi
1832 4533 2069 4603 debitae
2122 4536 2487 4626 postulabat
2520 4563 2540 4610 τ

1250 4648 1382 4718 qua
1402 4629 1484 4697 de
1503 4652 1574 4697 re
1591 4636 1887 4722 ingentes
1930 4654 2172 4704 exortae
2199 4638 2343 4706 sunt
2368 4661 2533 4707 con-

1247 4730 1588 4799 troverstae.
1692 4732 1890 4803 Hanc
1912 4749 2134 4803 tamen
2180 4740 2531 4806 restitutio·

1242 4846 1406 4897 nem
1449 4827 1609 4900 Dux
1654 4831 2129 4913 Aurelianensis
2166 4838 2396 4905 multis
2425 4861 2529 4906 ar-

1242 4931 1579 5017 gumentis
1625 4933 1933 5020 persuafit
1966 4937 2128 5023 Regi
2163 4989 2187 5021 ,
2234 4941 2346 5026 qui
2378 4958 2529 5007 eam

1241 5029 1385 5097 fieri
1405 5033 1817 5123 praecepit,&
1842 5057 1965 5124 per
1977 5050 2195 5103 totum
2216 5038 2525 5127 Regnum

1245 5126 1694 5199 obedientiam
1713 5131 2078 5203 Benedicto
2097 5138 2526 5225 praestandam

1240 5231 1744 5319 promulgavit,
1786 5235 1860 5301 in
1898 5258 2097 5324 quam
2128 5237 2325 5305 etiam
2356 5235 2523 5304 Uni-

1244 5328 1499 5396 verfitas
1552 5332 1824 5403 tandem
1866 5335 2244 5427 consentire
2289 5338 2524 5406 coacta

1236 5424 1362 5496 fuit
1399 5449 1421 5510 3
1475 5450 1600 5518 qua
1642 5434 1990 5502 occasione
2015 5433 2237 5504 Patres
2272 5434 2522 5505 nomia

1238 5529 1790 5620 nicani,antiquis
1829 5536 2109 5623 querelis
2141 5535 2398 5606 abolitis
2441 5535 2523 5605 ab

1230 5622 1664 5700 Univerfitate
1683 5635 1930 5724 recepti
1947 5633 2235 5705 fuerunt.
2278 5639 2358 5707 In
2383 5640 2525 5728 ejus

1237 5727 1690 5798 obedientiam
1709 5736 1902 5825 redijt
1922 5756 2193 5826 quoque
2213 5739 2524 5828 Regnum

1242 5826 1521 5899 Castiliae
1553 5884 1577 5914 ,
1615 5826 1725 5901 ubi
1753 5849 2004 5904 tantam
2049 5836 2371 5928 assumpiit
2408 5860 2523 5906 au-

920 5962 986 6017 1„
1011 5980 1107 6032 19·
1132 5978 1179 6017 c.
1239 5928 1632 6003 thoritatem
1656 5987 1677 6016 ,
1693 5951 1764 6002 ut
1786 5931 1911 6002 line
1929 5934 2347 6026 oppofitione
2365 5939 2529 6021 ulla,

932 6062 1028 6104 12.

1243 6026 1957 6126 Archi-Episcopatum
1978 6035 2391 6110 Toletanum
2417 6093 2438 6125 ,
2458 6042 2530 6109 in

2639 6066 2728 6134 pc
2752 6051 2837 6119 de
2869 6051 3277 6131 conferentia
3346 6068 3415 6163 in
3451 6065 3607 6138 loco
3645 6075 3925 6161 secure,
3983 6091 4075 6154 ilc.

2228 613 2235 620 ἢ
2263 653 2681 787 Historia
2714 654 2831 760 de
2851 650 3237 801 Magno

2725 839 2876 891 tota
2903 823 3392 900 christianitate
3439 824 4000 918 opulemifflmum
4066 833 4273 904 Anna,

2727 923 2931 994 Petro
2949 927 3031 994 de
3055 925 3239 1000 Luna
3271 928 3525 1019 Nepoti
3545 927 3666 998 suo
3693 927 4002 1000 contule·
4076 934 4261 1000 1403.

2726 1027 2833 1093 rit.
2934 1027 3038 1095 Ex
3057 1029 3155 1098 his
3188 1048 3408 1120 patet,
3445 1025 3637 1119 quod
3665 1031 3999 1118 prosperi-

2725 1141 2849 1211 tas,
2865 1149 3005 1215 quae
3018 1129 3373 1201 hominem
3395 1132 3632 1215 elevat,
3652 1152 3998 1219 nunquam

2705 1217 2819 1293 'ita
2855 1249 3014 1298 eum
3043 1231 3402 1302 exhilarare
3433 1230 3707 1315 debeat,
3742 1246 3811 1298 ut
3848 1252 3994 1304 meu

2723 1341 2872 1394 tum
2915 1330 3193 1401 cadendi
3228 1336 3474 1403 adimat
3511 1387 3533 1418 ,
3573 1334 3755 1423 lapsu
3800 1328 3995 1402 tanto

2719 1425 3079 1501 funestiore
3094 1486 3115 1515 ,
3130 1431 3390 1521 quanto
3405 1437 3602 1503 altior
3618 1450 3759 1502 erat
3773 1431 3994 1505 sortus·

2721 1549 2812 1595 na
2846 1551 2866 1597 t
2928 1532 2995 1600 ὅ(
3028 1533 3364 1604 adversitas
3396 1590 3421 1620 ,
3455 1558 3602 1624 quae
3640 1529 3991 1623 deprim'it',

2718 1650 3061 1721 nunquam
3101 1631 3195 1702 ita
3233 1639 3642 1724 prosternere
3691 1638 3990 1716 animum

2717 1726 2957 1800 debeat
2991 1787 3014 1816 ,
3058 1747 3131 1801 ut
3177 1735 3365 1826 spem
3407 1735 3688 1822 auferat,
3722 1737 3989 1810 favente

2715 1828 2929 1920 aliqua
2976 1838 3365 1923 mutatione,
3406 1838 3652 1907 sortem
3682 1841 3985 1927 priorem

2716 1931 3078 2019 aliquando
3109 1940 3582 2026 recuperandi,
3604 1946 3982 2009 cuman-mo

2714 2034 3055 2121 proposito
3089 2087 3113 2118 ,
3145 2030 3381 2105 melius
3420 2033 3797 2130 cautiusque
3835 2039 3982 2128 ill-51,

2711 2127 2917 2221 quam
2952 2135 3268 2223 antehac,
3299 2142 3549 2208 utendi.

2818 2229 2950 2299 Sed
2970 2255 3111 2302 non
3125 2237 3204 2304 ita
3223 2244 3361 2328 egit
3378 2237 3777 2309 Benedictus
3810 2264 3829 2310 ε
3873 2246 3985 2313 vix
4049 2263 4218 2324 τηε.

2712 2333 2897 2399 enim
2920 2328 3456 2430 obtinuit,quod
3495 2359 3843 2431 tantopere
3872 2368 3984 2412 cu·
4042 2346 4106 2404 de
4124 2353 4265 2431 Ρη.

2708 2429 2931 2521 piebat
2968 2456 2989 2513 3
3041 2435 3292 2509 &mox
3334 2444 3473 2510 duo
3506 2440 3628 2510 suis
3663 2447 3983 2531 promiffis
4042 2435 4197 2528 MP*-

2707 2531 3091 2603 immediate
3109 2542 3798 2614 contrariacommifit.
3844 2546 3982 2612 Pri·
4041 2518 4273 2656 35³³st
4309 2625 4316 2634 ‚

2709 2635 2837 2701 mo
2863 2686 2885 2719 ,
2914 2652 3152 2706 contra
3184 2643 3487 2711 instantes
3516 2665 3749 2733 preces
3774 2643 3978 2716 Ducis
4039 2620 4098 2742 ἓ.
4131 2624 4241 2747 ε’,ῗ

2699 2733 3186 2808 *Aurelianensis
3224 2798 3246 2828 ,
3300 2746 3411 2812 cui
3457 2747 3640 2815 suam
3693 2741 3977 2816 debebat
4039 2790 4067 2828 ι
4083 2790 4143 2831 1,

2698 2835 3234 2929 prosperitatem,
3251 2866 3600 2933 nunquam
3621 2848 3982 2918 confirma-

2698 2933 2774 3003 re
2793 2935 3090 3025 volebat,
3110 2944 3258 3031 quae
3279 2946 3555 3014 durante
3573 2944 3975 3016 subtractio.-

2701 3055 2793 3101 ne
2811 3033 3202 3108 obedientiae
3231 3045 3683 3135 spoponderat
3717 3050 3801 3115 de
3827 3044 3975 3117 Ele-

2703 3133 3041 3224 ‹stionibus
3057 3194 3080 3226 ,
3096 3141 3165 3211 δι’
3198 3144 3686 3216 Collationibus
3718 3145 3973 3216 Benefi-

2698 3238 2995 3324 ciorum,
3019 3257 3249 3311 contra
3271 3245 3691 3316 manifestum
3726 3250 3975 3317 articu-

2693 3335 2837 3406 lum
2873 3337 2965 3406 sui
3004 3338 3388 3413 Tractatiis.
3515 3347 3812 3419 Alterum
3845 3350 3977 3418 fuit
4065 3375 4068 3380 ·

2695 3435 2959 3524 insignis
2974 3437 3146 3509 fraus
3166 3496 3187 3527 ,
3224 3468 3368 3533 quae
3396 3451 3673 3516 tandem
3702 3450 3967 3517 detecta

2685 3538 2760 3605 ‘in
2786 3543 2922 3629 ejus
2960 3558 3156 3631 caput
3182 3547 3458 3633 recidit,
3495 3550 3561 3616 <St
3588 3565 3799 3617 totam
3823 3555 3966 3640 ejus
3987 3584 4129 3653 ΠΜ.

2691 3640 2959 3710 causam
2992 3643 3247 3715 evertit.
3352 3645 3624 3741 Scripto
3654 3647 3962 3719 affecura·

2689 3739 2785 3807 vit
2814 3740 3082 3813 Ducem
3114 3746 3658 3825 Aurelianensem
3677 3805 3702 3836 ,
3729 3753 3798 3819 ἀ
3834 3772 3962 3840 po·

2683 3842 2815 3908 {lea
2852 3864 2972 3931 per
3011 3842 3271 3915 Bullam
3321 3851 3404 3920 ad
3441 3873 3682 3923 omnes
3704 3848 3966 3921 Fideles

2688 3939 2942 4010 miffam
2976 3998 2997 4029 ,
3035 3947 3101 4018 se
3132 3968 3442 4038 paratum
3474 3951 3595 4024 effe
3627 3956 3709 4023 ad
3744 3956 3958 4022 cellio-

2682 4064 2869 4127 nem,
2889 4041 3003 4111 ubi
3020 4052 3333 4139 expedire
3353 4052 3822 4146 videbiturpr'o
3843 4078 3960 4149 paq

2679 4164 2758 4210 ce
2772 4142 3088 4234 Ecclesiae,
3107 4146 3422 4223 nimirum
3442 4172 3642 4246 prout
3656 4173 3959 4229 mentem

2676 4242 2860 4313 fitam
2879 4241 3054 4315 Duci
3091 4253 3452 4340 explicabat
3471 4312 3490 4342 ,
3511 4290 3512 4293 ¹
3534 4254 3574 4322 fi
3594 4257 3958 4346 Competi-

2672 4359 2787 4441 tor
2806 4344 2874 4411 su
2883 4366 2952 4412 us
2967 4350 3031 4415 id
3039 4371 3149 4417 em
3171 4348 3542 4439 faceret,vel
3562 4375 3961 4447 moreretur,

2671 4446 2786 4514 vel
2802 4445 2952 4513 sede
2969 4445 3071 4515 sua
3099 4452 3459 4538 pelleretur
3495 4478 3513 4523 ε
3561 4462 3628 4527 in
3650 4480 3789 4547 quo
3809 4458 3955 4533 Rex

2667 4544 3099 4617 Galliaeadeo
3119 4548 3229 4622 fibi
3248 4557 3685 4646 complacuit,
3704 4575 3777 4626 ut
3794 4582 3950 4628 exa-

2673 4643 2936 4714 itiones
2954 4645 2990 4715 ἒι
3005 4646 3211 4719 Clero
3239 4648 3425 4724 antea
3450 4661 3548 4726 illi
3579 4661 3945 4748 prohibitas

2672 4743 3020 4817 indulserit
3075 4806 3097 4835 ‚
3143 4751 3534 4839 elquesuam
3569 4766 3943 4849 protectio.

2665 4865 2827 4912 nem
2851 4849 3246 4937 promiserit.
3339 4857 3488 4927 Post
3503 4858 3642 4930 haec
3660 4860 3940 4933 Benedi-

2665 4943 2813 5012 stus
2834 5000 2855 5030 ,
2875 4964 2947 5018 ut
2968 4944 3205 5021 melius
3229 4955 3532 5029 illuderet
3549 5007 3571 5040 ,
3612 4978 3743 5032 tres
3779 4969 3938 5057 Epi-

2666 5034 2905 5134 scopo¹s
2961 5047 3258 5123 Romam
3302 5054 3592 5147 Legatos
3640 5066 3804 5135 mifit
3850 5072 3937 5139 ad

2663 5142 3084 5219 Bonifacium
3104 5207 3123 5237 ,
3151 5154 3324 5242 quali
3359 5181 3552 5244 eum,
3591 5157 3665 5237 ut
3697 5170 3929 5237 creden-

2661 5240 2895 5332 batur,
2936 5251 3028 5349 ad„
3051 5275 3288 5341 pacem
3320 5258 3618 5330 Ecclefiae
3648 5269 3934 5340 redden-

2659 5344 2818 5413 dam
2858 5348 2962 5416 via
3006 5361 3513 5426 renuntiationis
3546 5415 3567 5446 ,
3619 5373 3934 5459 exemplo

2657 5443 2780 5510 suo
2818 5448 3137 5521 inducere
3186 5452 3564 5529 conaretur.
3665 5467 3937 5541 Interea

2656 5542 2889 5633 Legati
2906 5554 3001 5621 isti
3020 5554 3311 5629 Romam
3328 5560 3499 5627 circa
3513 5562 3935 5640 finemostm
3990 5590 4084 5667 Ep.
4104 5590 4213 5648 In·-

2653 5640 2788 5712 bris
2809 5653 3054 5740 appulli
3078 5708 3098 5739 ,
3136 5656 3817 5738 Pontifici‘Bonifacio
3860 5674 3932 5741 ἄ
3990 5692 4101 5730 ¹¹⁰⁶·
4129 5672 4212 5731 ’ὅ

2650 5741 3064 5821 Cardinalib⁹
3078 5758 3254 5826 aliud
3273 5759 3432 5827 nihil
3449 5769 3933 5842 nomineBene.·;
3998 5760 4164 5855 ²1⁸2?-

2646 5845 2806 5914 dieti
2832 5850 3266 5941 propofiterfit
3281 5916 3301 5945 ,
3323 5860 3526 5950 quam
3542 5873 3726 5957 quod
3743 5874 3810 5941 [δ’
3811 5897 3933 5963 per
3990 5837 4183 5989 ἓξὲξ(

2643 5944 3144 6036 defidembat,11t
3158 5959 3368 6033 mfi'do
3398 5964 3927 6059 illuderet,nem-
3989 6014 4157 6070 Bm„
4178 5964 4205 5985 ‘¹

3802 6198 3929 6263 pro
