4745 7357
1294 789 1454 912 φῖ)

1298 961 1495 1035 quem
1514 939 1785 1031 infignes
1797 945 2073 1015 virtutes
2090 998 2111 1031 ,
2130 965 2288 1015 cum
2307 946 2574 1035 lingula·

1302 1046 1361 1111 ri
1385 1042 1684 1112 doctrina
1716 1097 1746 1130 ,
1802 1043 1873 1112 ἀ
1912 1046 2369 1116 consummata
2412 1071 2575 1138 pru-

1299 1144 1520 1212 dentia
1573 1198 1597 1229 ,
1650 1143 2035 1232 digniorem
2083 1147 2506 1217 reddiderunt
2546 1197 2571 1234 ‚

1298 1239 1508 1332 quam
1533 1245 1668 1333 ejus
1685 1245 2097 1332 antiquitatis
2111 1252 2567 1335 praerogativa,

1290 1356 1366 1411 ut
1385 1339 1698 1412 Concilio
1725 1345 1819 1412 isti
1843 1347 2228 1434 praefideret.
2287 1347 2562 1417 Sermo·

1297 1463 1385 1511 ne
1418 1442 1644 1528 finito,
1679 1466 1881 1533 quem
1920 1447 2260 1534 praeclarus
2295 1444 2565 1516 Dofior

1296 1563 1378 1611 ex
1392 1541 1643 1612 Ordine
1664 1541 2235 1616 Sanc‘tiDominici
2261 1567 2563 1637 pronun-

1181 1733 1188 1740 ·
1295 1645 1513 1728 tiavit,
1547 1635 1697 1710 cum
1732 1646 1864 1735 jam
1902 1641 2051 1714 sero
2075 1644 2219 1715 effet
2242 1701 2263 1732 ,
2300 1650 2562 1736 reliqua

1300 1745 1368 1812 in
1388 1744 1564 1811 diem
1601 1743 1987 1832 sequentem
2019 1746 2217 1814 dilata
2255 1748 2560 1833 fuerunt,

1295 1841 1409 1912 ubi
1425 1844 1570 1934 post
1582 1841 1844 1911 Missam
1866 1841 1901 1910 a
1921 1843 2247 1915 Cardinali
2279 1851 2361 1916 de
2379 1847 2562 1914 Vivi-

1296 1965 1401 2012 ers
1469 1941 1864 2011 celebratam
1903 1997 1925 2027 .,
1988 1945 2059 2012 ἀ
2101 1946 2480 2016 sermonem
2524 1942 2563 2012 in

1298 2040 1629 2111 cardinali
1655 2042 2131 2116 Mediolanensi
2170 2068 2296 2136 pro
2316 2045 2559 2135 majori

1298 2142 1646 2233 splendore
1676 2140 1943 2242 sellionis
1963 2145 2251 2216 habitum
2272 2202 2292 2230 ,
2329 2145 2563 2213 Cardi-

1300 2245 1477 2314 nales
1490 2245 1557 2321 ἀ
1575 2243 1820 2314 Praelati
1841 2242 2095 2316 sericeis
2115 2249 2330 2336 cappis
2348 2248 2564 2314 diver-

1301 2342 1527 2412 sorum
1554 2345 1862 2412 colorum
1898 2347 2107 2415 induti
2135 2401 2154 2432 ,
2182 2369 2333 2414 cum
2356 2348 2566 2413 mitris

1302 2441 1463 2511 albis
1487 2465 1713 2533 preces
1728 2442 2116 2514 inchoarunt
2137 2450 2259 2514 ritu
2284 2446 2569 2534 peculia·

1303 2546 1361 2613 ri
1376 2547 1443 2611 in
1479 2545 1611 2612 hoc
1646 2541 1961 2612 Concilio
1993 2599 2015 2632 ,
2047 2569 2248 2636 quem
2286 2543 2576 2614 breviter

1305 2642 1418 2714 hic
1439 2642 1682 2710 referre
1699 2641 1885 2712 libet.

1403 2743 1553 2816 Post
1594 2743 1836 2830 aliquas
1873 2741 2282 2832 Antiphonas
2332 2746 2572 2813 decan-

1304 2855 1470 2911 tatas
1486 2898 1511 2928 ,
1532 2843 1600 2910 dt
1619 2840 1924 2912 Diacono
1956 2844 2306 2912 intonante
2340 2846 2573 2929 Orate,

1309 2963 1548 3012 omnes
1567 2947 1636 3010 in
1658 2965 1871 3030 genua
1890 2945 2321 3032 prociderunt
2344 2986 2363 3020 ‚
2398 2945 2574 3032 capi-

1309 3055 1378 3112 te
1396 3040 1688 3132 usquead
1706 3060 1951 3128 terram
1994 3042 2323 3111 inclinato
2357 3097 2377 3128 ,
2400 3062 2572 3110 uno-

1301 3164 1581 3234 quoque
1614 3139 1873 3212 secreto
1891 3162 2006 3232 per
2022 3141 2305 3231 spacium
2331 3142 2574 3211 Psalmi

1306 3243 1422 3309 Me·
1446 3261 1613 3306 erere
1641 3258 1895 3316 orante.
1998 3240 2155 3310 Haec
2189 3246 2403 3310 oratio
2446 3256 2580 3310 ter·

1308 3344 1558 3411 minata
1600 3344 1687 3409 est
1720 3363 1845 3431 per
1886 3338 2259 3410 conedam
2306 3340 2389 3409 ab
2438 3361 2576 3408 uno

1307 3442 1640 3513 Cardinali
1661 3443 2060 3510 decantatam
2085 3497 2105 3525 ,
2126 3435 2579 3533 Antiphonam

1312 3535 1483 3610 vero
1502 3538 1582 3608 ab
1615 3545 1859 3610 eodem
1880 3540 2255 3610 inchoatam
2275 3598 2295 3626 ,
2319 3536 2583 3610 Chorus

1011 3644 1139 3705 ΑΒ·
1163 3647 1257 3700 0·
1314 3642 1690 3735 Cantorum
1714 3644 1782 3714 ὅ(
1807 3639 2322 3732 Capelianorum
2362 3640 2581 3733 prose-³

1012 3732 1301 3870 εἶξε*
1320 3739 1729 3834 quebantur,
1764 3758 1905 3811 tum
1944 3738 2281 3812 Diaconus
2315 3743 2385 3810 dt
2415 3739 2580 3811 Sub·

1021 915 1229 978 Mnus

1315 3847 1630 3913 diaconus
1647 3843 1775 3910 alta
1809 3864 1980 3910 voce
2011 3840 2285 3911 Litanias
2316 3847 2586 3930 incepe-

1316 3959 1515 4027 runt,
1551 3934 1859 4011 omnibus
1892 3936 1964 4011 iit
1992 3959 2183 4011 antea
2219 3945 2585 4026 inclinatis,

1318 4045 1391 4113 ἀ
1403 4038 1939 4130 respondentibus
1959 4065 1976 4111 ε
2006 4045 2073 4109 iu
2093 4046 2220 4111 fine
2236 4065 2402 4111 unus
2418 4042 2585 4110 Car-

1319 4144 1549 4211 dinalis
1584 4141 1939 4230 Episcopus
1977 4144 2284 4230 quasdam
2333 4144 2586 4218 oratio-

1319 4264 1437 4311 nes
1460 4244 1621 4310 dixit
1636 4243 1717 4308 ad
1738 4243 2092 4330 petendam
2113 4240 2145 4308 a
2170 4241 2367 4311 DEO
2393 4244 2589 4309 unio·

1316 4364 1480 4412 nem
1502 4342 1790 4410 Ecclesiae
1820 4362 1844 4418 3
1877 4337 2116 4428 quibus
2149 4343 2337 4413 finitis
2368 4344 2529 4409 alius
2550 4336 2606 4406 ὂ-

1324 4438 1785 4512 Cardinalibus
1845 4436 2159 4509 Diaconis
2220 4442 2586 4511 Dalmatica

1323 4544 1627 4627 indutus,
1663 4540 2095 4628 Evangelium
2134 4542 2341 4629 legit,
2404 4532 2588 4630 quod

1323 4643 1550 4711 stando
1572 4663 1975 4726 magnacum
1991 4642 2348 4709 devotione
2365 4643 2592 4708 audie·

1318 4736 1541 4809 batur.
1654 4741 1803 4807 Post
1840 4739 1970 4805 haec
2007 4738 2378 4809 Cardinalis
2408 4739 2593 4828 Epis-

1326 4860 1537 4929 copus
1560 4841 1846 4907 intonuit
1870 4838 2229 4923 hymnum:
2252 4842 2401 4902 Veni
2418 4856 2588 4901 crea.

1320 4924 1864 5030 anpir1'11253qui
1898 4934 1932 5004 a
1970 4952 2119 5005 toto
2139 4937 2335 5006 Coetu
2376 4942 2441 5006 in
2462 4954 2591 5005 tera·

1324 5059 1470 5109 ram
1496 5040 1820 5129 prostrato
1839 5094 1858 5121 ,
1890 5035 2396 5121 decantabatur3
2430 5042 2495 5105 in
2521 5038 2594 5103 fi-

1325 5160 1413 5210 ne
1440 5141 1586 5229 post
1626 5141 1997 5206 decantatas
2036 5135 2113 5205 ab
2148 5140 2392 5232 eodem
2428 5137 2592 5205 Car-

1329 5241 1538 5309 dinali
1567 5235 1908 5328 Episcopo
1943 5240 2185 5325 aliquas
2220 5240 2594 5317 orationes,

1330 5340 1666 5415 Diaconus
1686 5339 1812 5404 alta
1832 5359 1997 5405 voce
2022 5338 2331 5406 cantavit:
2363 5338 2597 5429 ErIgite

1343 5444 1488 5513 Vos,
1510 5437 1575 5508 θ’
1591 5434 1862 5527 surgite:
1895 5450 2043 5515 turn
2066 5457 2298 5506 omnes
2328 5435 2596 5523 surgen-

1330 5556 1468 5624 tes,
1500 5535 1769 5626 quisque
1804 5536 1995 5605 suum
2014 5538 2323 5627 capessivit
2358 5534 2596 5603 subsel-

1220 5688 1225 5697 -
1331 5641 1496 5709 lium
1514 5661 1539 5707 t
1560 5636 1627 5704 ὅ(
1646 5635 1780 5703 haec
1797 5636 2127 5705 ordinarie
2146 5636 2381 5709 fiebant
2400 5688 2420 5718 ,
2444 5655 2598 5701 om-

1330 5738 1523 5810 nibus
1581 5733 1815 5803 diebus
1845 5790 1867 5822 ,
1918 5735 2157 5826 quibus
2209 5734 2600 5805 Concilium

1338 5832 1798 5909 conveniebat.

1431 5937 1654 6007 Finitis
1678 5934 2055 6025 hujusmodi
2097 5931 2399 6025 precibus
2417 5987 2439 6018 ,
2469 5934 2605 6002 ele-

1338 6038 1429 6106 ἃῑ
1449 6035 1632 6106 fuere
1649 6034 1967 6105 Officiales
1988 6032 2044 6101 C
2048 6034 2269 6125 oncilij
2290 6089 2310 6120 ,
2332 6039 2502 6103 inter
2539 6055 2608 6100 a·

1333 6139 1458 6209 lies
1488 6156 1657 6206 unus
1674 6135 2046 6206 Advocatus
2066 6189 2088 6222 ,
2127 6140 2241 6225 qui
2256 6157 2370 6205 exa
2377 6155 2611 6224 ggera·

2137 675 3132 919 Historiam-Magna
3313 757 3324 770 ’
3417 769 3428 792 ·
3955 830 3959 834 -

4033 888 4250 962 Annus

2702 940 2779 1010 tis
2828 936 3289 1014 collutionibus
3328 992 3353 1028 ,
3417 934 3488 1006 de
3532 927 3973 1006 obstinatione
4040 988 4246 1066 ¹409·-

2700 1043 2988 1110 duorum
3047 1064 3173 1133 pro
3231 1039 3620 1111 pontificatu
3660 1035 3969 1105 Concur-

2697 1144 2983 1212 rentium
3001 1197 3023 1228 ,
3067 1143 3375 1211 conclufit
3390 1195 3411 1226 ,
3434 1140 3580 1207 illos
3627 1140 3969 1210 declaran-

2698 1244 2818 1311 dos
2844 1240 2965 1310 effe
2985 1242 3436 1311 Contumaces
3470 1262 3491 1321 ς
3525 1242 3715 1327 quod
3745 1262 3910 1307 unus
3930 1235 3974 1307 ὸ

2692 1340 3193 1433 promotoribus
3216 1343 3583 1432 postulavit.
3640 1341 3770 1408 Sed
3790 1393 3810 1423 ,
3833 1360 3970 1428 pm

2693 1442 2862 1528 Juris
2881 1443 3113 1511 ordine
3138 1441 3455 1512 servando
3472 1496 3490 1526 ,
3519 1440 3721 1510 tribus
3749 1441 3970 1508 adnue

2695 1539 2922 1610 diebus
2951 1542 3047 1610 illi
3065 1539 3430 1611 citabantur
3451 1563 3569 1631 per
3600 1544 3769 1610 duos
3797 1539 3969 1610 Car-

2695 1640 2982 1726 dinales,
3002 1643 3084 1709 ad
3120 1642 3384 1731 po‘rtam
3411 1643 3701 1711 Ecclefiae
3723 1696 3745 1726 ,
3778 1633 3970 1709 cum*-

2694 1763 2826 1831 que
2853 1762 3058 1809 nemo
3077 1763 3204 1830 pro
3221 1739 3976 1833 eiscompareretCardi·

2695 1844 2856 1911 nalis
2873 1841 3278 1909 pictaviensis
3296 1858 3526 1913 contra
3552 1845 3701 1912 illos
3720 1843 3976 1912 senten·

2697 1945 2854 2009 tiam
2870 1943 3315 2030 pronuntiavit
3338 1998 3358 2031 ,
3377 1965 3494 2012 eos
3512 1942 3971 2012 Contumaces

2700 2041 3117 2109 declarando.

2799 2138 2930 2210 Die
2954 2143 3225 2210 decimo
3249 2146 3484 2232 quinto
3511 2144 3793 2233 Aprilis,
3829 2161 3967 2234 quo
4025 2123 4208 2186 ΜΨ·

2697 2240 2870 2312 seffio
2891 2233 3112 2331 quarta
3132 2241 3972 2329 celebrabatur,Cardinalis
4010 2213 4236 2361 5‘93442'

2706 2342 3136 2430 Landulphus
3177 2345 3257 2410 de
3274 2343 3478 2431 Bary,
3516 2367 3592 2411 ex
3612 2344 3972 2430 Legatione
4027 2336 4171 2433 Dion
4218 2332 4258 2436 ‚⁶

2707 2437 3074 2512 Germaniae
3093 2444 3335 2528 redux,
3357 2465 3507 2511 cum
3534 2467 3783 2531 magno
3811 2447 3974 2515 Prae-
4026 2464 4258 2530 Lena.

2704 2544 2995 2609 latorum
3031 2558 3315 2611 numero
3339 2545 3598 2613 advenit
3617 2599 3638 2629 ,
3662 2549 3726 2612 ἀ
3745 2542 3972 2614 Seffio-

2705 2645 2771 2710 ni
2802 2639 3098 2709 interfuit
3131 2666 3149 2710 t
3179 2643 3586 2713 introductus
3630 2649 3829 2712 etiam
3880 2651 3970 2718 est

2707 2740 3306 2832 Archi-Episcopus
3332 2742 3556 2832 Rugiae
3574 2797 3596 2828 ,
3621 2745 3975 2836 Episcopus

2708 2841 3213 2910 Wormatiensts
3231 2897 3252 2926 ,
3275 2844 3337 2910 ὅ(
3358 2843 3625 2911 Electus
3643 2844 3975 2915 &Verden-

2707 2940 2781 3012 fis
2798 2995 2819 3025 ,
2839 2962 3010 3028 quos
3030 2939 3359 3010 Robertus
3390 2942 3765 3034 Imperator
3781 3000 3801 3030 ,
3817 2970 3976 3018 cum

2708 3042 3043 3110 nonnullis
3107 3038 3520 3112 Dodtoribus
3593 3043 3818 3132 primo
3893 3051 3977 3117 ad

2710 3141 3099 3210 Pontificem
3129 3142 3532 3228 Gregorium
3572 3197 3594 3230 ,
3629 3147 3863 3215 deinde
3894 3150 3979 3217 ad

2709 3238 3094 3309 Concilium
3128 3298 3151 3327 ,
3224 3264 3352 3332 pro
3385 3243 3800 3314 defendendo
3845 3251 3977 3316 hoe

2709 3340 3028 3410 Pontifice
3066 3340 3339 3409 miserat.
3431 3343 3590 3411 Non
3622 3345 3978 3415 audieban-

2714 3455 2827 3507 tur
2858 3442 2926 3508 hi
2959 3444 3086 3510 nisi
3114 3457 3423 3528 tanquam
3464 3444 3777 3532 simplices
3802 3441 3978 3517 Missl

2715 3535 2753 3607 a
2793 3537 3095 3608 Roberto
3130 3537 3414 3625 navam,
3456 3547 3604 3631 quia
3643 3546 3749 3613 hic
3792 3545 3976 3616 Prins

2716 3661 2867 3730 ceps
2888 3661 3023 3708 non
3047 3637 3524 3730 agnoscebatur
3545 3646 3979 3719 universaliter

2715 3758 2840 3831 pro
2857 3738 3272 3831 Imperatore
3290 3789 3307 3816 ,
3333 3743 3554 3810 multis
3572 3766 3712 3813 non
3729 3768 3979 3838 appro-

2716 3838 3014 3909 bantibus
3047 3895 3067 3925 ,
3114 3838 3302 3932 quod
3349 3840 3787 3914 Wenceslaus
3847 3850 3976 3920 hae

2717 3942 3036 4027 dignitate
3073 3942 3331 4030 augusta
3377 3939 3685 4030 spoliatus
3727 3946 3926 4017 fuerit
3949 4006 3973 4037 ,

2720 4041 3021 4129 quamvis
3039 4038 3112 4107 ea
3140 4042 3199 4110 se
3223 4043 3563 4127 indignum
3600 4047 3974 4117 reddiderit.

2719 4138 2985 4207 Electus
3008 4140 3344 4210 verdensis
3365 4195 3383 4225 ,
3419 4146 3527 4230 qui
3558 4164 3685 4229 pro
3716 4144 3976 4238 Grego-

2718 4243 2821 4308 rio
2842 4239 3220 4327 perorabat,
3246 4241 3413 4308 aliud
3452 4245 3517 4308 in
3535 4241 3639 4309 sua
3675 4250 3979 4319 oratione

2719 4358 2858 4406 non
2881 4343 3185 4427 protulit,
3223 4337 3424 4428 quam
3457 4343 3983 4432 vigintiquatuor

2720 4442 3142 4526 quaessiones,
3184 4462 3323 4527 quae
3360 4442 3641 4510 totidem
3680 4452 3979 4518 contine·
4034 4451 4270 4508 Aac&

2726 4535 2879 4617 bant
2918 4536 3324 4625 objectiones
3361 4595 3381 4622 ,
3426 4557 3657 4609 contra
3684 4566 3759 4612 ea
3786 4602 3806 4632 ,
3846 4574 3985 4640 quae
4033 4539 4255 4633 θωΰξ-

2721 4636 3104 4705 Cardinales
3135 4634 3431 4707 adversus
3467 4640 3870 4731 Gregorinm
3917 4675 3986 4719 e·
4031 4626 4265 4766 “5⁰3¹‘'

2723 4754 2982 4822 gerunt.
3027 4737 3591 4827 Videripoffuntin
3612 4744 3984 4818 AstisCon·
4032 4724 4148 4843 5¹1⁶,

2723 4838 2880 4925 cilij,
2902 4860 3057 4904 cum
3077 4839 3392 4927 responsis
3411 4838 3711 4912 brevibus
3726 4849 3790 4916 in
3811 4873 3984 4919 mar·
4031 4832 4223 4936 ctonssil.

2727 4937 2881 5025 gine
2917 4938 3166 5003 additis.
3215 4937 3492 5028 Majoris
3525 4944 3984 5018 confideratio·
4039 4958 4178 5015 Edit.

2724 5038 2822 5102 nis
2857 5054 3041 5102 erant
3055 5036 3414 5124 sequenteS.

2829 5129 3059 5202 Primo
3094 5138 3232 5204 :An
3256 5139 3630 5207 Cardinales
3662 5142 3728 5209 se
3745 5142 3994 5214 subtra-

2723 5236 2891 5305 here
2904 5236 3131 5324 possint
3154 5233 3545 5308 obedientiae
3564 5242 3756 5325 illius,
3783 5260 3987 5334 quem

2728 5357 2854 5426 pro
2871 5356 3035 5402 vero
3053 5335 3369 5406 Pontifice
3386 5346 3840 5427 agnoverunt?
3857 5345 3990 5415 Rea

2726 5431 3034 5524 sponsum
3069 5459 3090 5497 .-
3124 5433 3198 5504 In
3245 5442 3357 5506 tali
3390 5437 3762 5526 schismate,
3802 5449 3995 5532 quale

2729 5528 2862 5604 hoc
2881 5537 3001 5618 est,
3031 5531 3141 5602 ubi
3178 5535 3311 5604 duo
3351 5537 3694 5606 Pontifices
3724 5545 3996 5616 notorie
4025 5564 4050 5589 ⁸

2728 5633 2962 5704 fovent
2991 5635 3371 5705 divifionem
3402 5690 3422 5720 ,
3442 5637 3510 5704 ὅ(
3531 5637 3845 5729 schisma,
3866 5647 3992 5716 ‹lif-

2730 5733 3006 5803 ferendo
3036 5733 3333 5823 semper,
3372 5734 3495 5804 suis
3518 5714 3796 5831 artfaficiJs
3826 5748 3997 5816 viam

2735 5836 3018 5902 cessionis
3038 5837 3276 5921 exequi
3299 5892 3320 5921 ,
3339 5838 3420 5904 ad
3451 5862 3644 5927 quam
3666 5844 4000 5930 juramen·

2736 5931 2813 6001 ‹t›
2838 5934 2902 6004 se
2928 5929 3406 6006 obstrinxerunt
3424 5991 3444 6021 ,
3471 5960 3611 6009 non
3641 5937 3854 6009 solum
3880 5968 4005 6034 po.

2739 6037 2894 6118 test,
2914 6027 3147 6102 verium
3168 6039 3365 6104 etiam
3391 6036 3587 6107 debet
3605 6041 3742 6109 fieri
3764 6041 4009 6115 subtra-
4120 6087 4127 6117 r

2715 6133 2880 6204 ῑέὶίο
2926 6188 2948 6219 ,
3002 6135 3209 6209 etiam
3245 6153 3602 6232 autequam
3627 6142 4019 6233 judicialiter

3812 6244 4028 6339 depo.

4036 5041 4220 5122 t’aenss'
