4745 7357
529 848 536 857 ,
880 859 885 864 ,
1273 739 1767 881 Schismaete
1820 742 2385 856 Occidentir.
2399 741 2622 886 Lib.
2656 745 2760 860 V

429 894 636 1055 ³:2¹3?
708 901 897 1030 brata
912 910 1085 1026 fuit,
1148 897 1296 1036 oSed
1328 925 1477 1010 quia
1506 915 1881 1017 Imperator
1913 919 2011 1038 Si-¹

713 1018 1107 1105 gismundur
1136 1020 1441 1090 nonduin
1480 1025 1871 1106 advenerat,
1902 1023 2009 1108 dt,

3241 757 3449 882 109

2135 918 2333 991 fuerit
2359 944 2489 1016 pro
2533 921 3029 1019 continuatione
3066 909 3276 993 Pisani
3308 942 3333 1004 ς
3399 918 3442 990 ss
3497 909 3716 992 Annua·

2138 1018 2333 1089 dubia
2366 1019 2928 1116 &incerta-hujus
2953 1025 3285 1095 Pontificia
3318 1021 3439 1091 ha·-
3502 1011 3686 1083 1414·

714 1124 1013 1204 quamvis
1040 1125 1322 1206 magnus
1340 1124 1474 1209 jam
1508 1124 2008 1217 Episcoporum

716 1210 1192 1285 &Doctorum
1218 1217 1455 1291 adeffet
1472 1245 1787 1327 numerus
1811 1279 1832 1309 ‚
1865 1223 2009 1312 plu-

715 1332 824 1384 res
854 1333 1084 1388 tamen
1120 1320 1256 1408 jam
1295 1324 1779 1412 proficiscentes
1810 1344 2010 1414 expe·-

715 1414 1100 1487 &absuntam
1128 1420 1281 1490 ideo
1302 1420 1604 1494 Pontifex
1620 1425 2010 1515 pronuntia-

718 1512 786 1582 ta
805 1519 1097 1605 eleganti
1111 1524 1423 1590 oratione
1439 1525 1875 1609 deConciliO,
1894 1526 2008 1592 de·

710 1612 904 1707 fitper
924 1639 1042 1708 per
1056 1623 1342 1689 eundem
1363 1621 1788 1693 Cardinalem
1805 1621 2012 1693 Zaba·

721 1719 955 1788 tellam
990 1771 1010 1801 ,
1052 1723 1163 1886 qlui
1200 1727 1654 1793 communiter
1683 1721 2011 1793 Florenti·

721 1835 844 1890 nus
885 1822 1078 1908 appel
1110 1819 1334 1892 abatur
1362 1879 1381 1906 ,
1412 1824 1543 1916 legi
1580 1827 1829 1893 curavit
1864 1821 2011 1890 Bul-

721 1919 856 1989 lam
877 1922 961 1988 de
979 1918 1488 1993 Convocatione
1517 1921 1825 2013 Concilij,
1843 1918 2010 2013 ejus·

725 2042 854 2112 que
868 2020 1187 2091 Officiales
1216 2025 1516 2093 constitui
1554 2047 1577 2109 3
1606 2027 1719 2115 qui
1752 2046 1831 2094 ex
1851 2026 2014 2092 toti-

614 2133 619 2142 ’
725 2126 881 2192 dem
902 2120 1292 2191 Nationibus
1315 2177 1336 2209 ,
1366 2147 1444 2192 ex
1475 2123 1712 2214 quibus
1731 2144 2013 2214 compo-

436 3518 682 3603 ..dppend

436 3611 522 3662 ad
534 3613 667 3663 Con.

724 2221 1002 2294 nebatur
1020 2220 1397 2295 Concilium
1417 2281 1438 2311 ,
1454 2223 1645 2294 electi
1664 2224 1849 2295 fuere
1871 2247 1890 2307 3
1918 2226 2016 2293 ni·

731 2326 985 2393 mirum
1005 2345 1085 2390 ex
1108 2324 1505 2395 Germanica
1520 2381 1540 2412 ,
1567 2324 1817 2395 Gallica
1834 2379 1856 2410 ,
1888 2322 2017 2392 It‘a·

724 2424 844 2494 lica
860 2479 881 2508 ,
901 2426 970 2495 ὅ(
985 2425 1285 2514 Anglica.
1377 2422 1645 2498 Deinde
1668 2425 1910 2496 indieta
1928 2423 2018 2492 est

730 2523 922 2592 Sessio
958 2547 1086 2614 pro
1134 2526 1239 2594 die
1270 2524 1533 2596 decimo
1565 2525 1842 2616 septimo
1876 2520 2015 2593 De-

688 2689 693 2708 s
724 2624 1034 2702 cembris,
1048 2623 1153 2694 sed
1169 2629 1390 2718 postea
1411 2628 1493 2695 ad
1509 2631 1804 2718 primum
1826 2624 2015 2693 Mat-

719 2730 789 2818 tij
825 2726 1152 2796 translata.
1251 2724 1506 2795 Interea
1536 2727 1862 2817 temporis
1900 2719 2016 2794 Pa-

724 2844 856 2901 tres
885 2824 1457 2915 congregabantur
1486 2825 1908 2916 frequenter,
1947 2821 2016 2891 ἀ

728 2951 855 3022 pro
873 2919 1103 2997 futuris
1120 2925 1507 2996 Semonibus
1529 2927 1766 2997 cuneta
1797 2924 2017 3012 dispo·

729 3028 1014 3109 nebant,
1048 3049 1122 3093 ac
1155 3022 1305 3097 toto
1339 3025 1455 3095 illo
1481 3019 1825 3098 intervallo
1844 3042 2017 3092 tem·

2138 1119 2410 1194 beretur
2473 1124 2836 1195 authoritas
2891 1170 2910 1199 ‚
2963 1125 3232 1195 evidens
3299 1115 3438 1207 est,

2138 1218 2327 1312 qnod
2342 1227 2546 1293 etiam
2564 1224 2928 1297 authoritas
2941 1227 3233 1316 ejusdem
3254 1217 3444 1316 conf

2138 1325 2266 1413 cilij
2292 1328 2439 1394 talis
2467 1323 2685 1396 fuiffet
2717 1351 2739 1389 .-
2781 1323 3000 1416 Qod
3031 1324 3071 1392 fi
3096 1319 3437 1393 effetPisa-

2139 1426 2206 1492 ni
2224 1427 2639 1496 continuatio
2658 1478 2679 1509 ,
2698 1427 3068 1493 tenendum
3087 1419 3439 1505 efl'et,Gre··

2136 1529 2410 1612 gotium
2436 1525 2948 1597 &Beneditstum
2965 1526 3323 1616 Antipapaa
3351 1518 3445 1589 es-

2139 1624 2201 1695 se
2222 1678 2242 1708 ,
2265 1647 2433 1716 quos
2454 1625 2840 1695 Concilium
2884 1623 3350 1696 schismaticos
3371 1620 3442 1692 ἅ

2141 1723 2517 1794 Haereticos
2547 1726 2902 1797 declaravit
2932 1781 2953 1812 ,
2999 1723 3069 1796 dc
3099 1723 3443 1815 deposuit;
3545 1709 3548 1718 ’

2140 1828 2628 1920 consequenter
2642 1822 2827 1917 quod
2855 1848 2979 1918 pro
3001 1826 3310 1915 legitimis
3328 1837 3445 1889 ve-

2139 1925 2353 2016 risque
2388 1925 2816 1996 Pontificibus
2853 1927 3228 2015 'agnoverit
3283 1920 3443 1989 Ale·
3567 1963 3572 1974 ·

2142 2029 2471 2095 xandrum
2520 2027 2598 2096 V.
2638 2023 2705 2096 ἀ
2754 2020 3180 2096 success‘orem
3237 2026 3441 2109 joan·

2141 2143 2298 2195 nem
2317 2125 2761 2216 XX111.atque
2782 2123 2870 2194 ita
2897 2123 3175 2197 diversus
3189 2135 3326 2192 erat
3341 2141 3449 2192 re-

2138 2241 2297 2297 rum
2348 2231 2540 2298 status
2598 2222 2990 2297 Constantiae
3040 2221 3243 2318 quam
3296 2221 3450 2290 Pilia

2142 2326 2366 2398 fuerit.
2500 2329 2644 2398 Pisis
2691 2331 2876 2397 enim
2934 2323 3337 2395 nesciebatur
3366 2318 3449 2388 ab

2142 2427 2456 2498 omnibus
2475 2449 2629 2498 cum
2661 2430 3065 2499 certitudine
3091 2480 3112 2508 ,
3138 2426 3450 2513 quisnam

2142 2525 2508 2599 elsetverus
2527 2525 2833 2599 Pontifex
2867 2555 2889 2617 3
2941 2525 3009 2595 ὃ(
3046 2526 3204 2594 ideo
3242 2525 3446 2596 stante

2143 2629 2273 2699 boc
2292 2626 2497 2699 dubio
2516 2682 2537 2712 ,
2563 2627 2767 2697 ambo
2790 2624 3290 2717 competitores
3326 2607 3448 2690 d&

2143 2728 2327 2821 politi
2346 2730 2613 2799 fuerunt
2631 2781 2653 2812 ,
2668 2747 2738 2796 ut
2769 2749 2939 2801 unus
2960 2745 3147 2796 verus
3170 2723 3240 2792 ἃ
3256 2721 3447 2789 indu·

2148 2832 2388 2899 bitatus
2441 2832 2799 2916 eligeretur
2833 2855 2851 2901 ε
2894 2827 3291 2896 Constantiae
3333 2838 3450 2889 au·

2143 2947 2283 2999 tem
2305 2981 2327 3015 ‚
2344 2928 2515 2999 nihil
2551 2930 2632 2997 de
2660 2950 2827 3000 vero
2853 2928 3172 2998 Pontifice
3192 2921 3450 3010 Joanne

2141 3027 2626 3119 ambigebatur,
2650 3028 2715 3096 dt
2738 3025 2928 3119 qubd
2956 3023 3100 3095 Pifis
3131 3019 3448 3114 depossti,

774 3134 907 3204 otis
928 3121 1266 3197 efficaciter
1285 3125 1701 3211 laborabant,
1731 3116 2022 3195 maleff
2138 3130 2484 3221 Antipapae
2521 3126 2784 3198 fuerint,
2865 3121 3453 3214 AEquiffimumitss·

728 3254 796 3302 m
837 3232 1167 3321 praecipuo
1208 3227 1276 3297 d<
1310 3229 1619 3298 omnium
1653 3223 2019 3313 gravissimo

726 3352 853 3423 pro
885 3351 1051 3419 pace
1087 3328 1382 3397 Ecclesiae
1419 3328 1739 3417 negotio,
1770 3343 2021 3414 nempe

722 3452 854 3525 pro
874 3433 1125 3517 integra
1162 3428 1519 3497 schismatis
1536 3424 1921 3496 abolitione.

835 3527 1149 3599 Pontifex
1171 3529 1407 3619 ,quiad
1419 3525 1802 3616 Concilium
1822 3545 2026 3594 vene-

734 3645 829 3703 rat
848 3685 870 3716 ,
887 3627 1214 3720 persuasus
1230 3681 1251 3712 ,
1275 3622 1461 3717 quod
1494 3632 1631 3722 ejus
1665 3624 2029 3694 authoritas

2144 3249 2276 3321 que
2308 3226 2654 3299 videbatur
2674 3283 2694 3312 ,
2721 3244 2794 3296 ut
2833 3283 2856 3315 ,
2882 3207 3457 3315 quemadmodum

2144 3335 2215 3400 in
2263 3331 2403 3420 alijs
2467 3323 2984 3420 praecedentibus
3052 3323 3306 3393 factum
3365 3317 3455 3386 est
3499 3371 3508 3380 .

2146 3429 2595 3501 schismatibus
2619 3485 2640 3510 ,
2653 3448 2816 3498 vero
2833 3425 3135 3496 Pontifici
3165 3419 3453 3490 adhaere·

2149 3549 2355 3615 retur,
2371 3552 2576 3619 quem
2596 3527 2878 3598 Ecclesia
2896 3528 2964 3594 in
2983 3521 3298 3592 Concilio
3315 3516 3455 3588 Ge·

2148 3631 2350 3702 nerali
2378 3627 2851 3723 repraesentata,
2868 3647 2996 3719 pro
3010 3626 3121 3693 tali
3139 3619 3449 3709 agnosce·

437 3689 687 3833 ἵζ’*
736 3724 1080 3802 firmissime
1146 3725 1526 3797 stabilienda
1589 3722 1738 3795 effer
1794 3740 2029 3793 contra
2150 3731 2258 3803 bat
2288 3754 2309 3815 3
2364 3730 2430 3798 ἃ
2449 3733 2667 3800 media
2703 3749 2830 3819 pro
2849 3725 3192 3817 Antipapis
3229 3730 3456 3788 exter..

437 3820 638 3918 cmei't.
738 3832 1007 3901 Petrum
1038 3829 1121 3897 de
1151 3828 1338 3897 Luna
1358 3882 1375 3910 ‚
1408 3826 1475 3894 dt
1511 3826 1851 3917 Angelum
1886 3821 2029 3894 CO·
2155 3832 2485 3904 minandis
2513 3844 2979 3919 quaererentur.

440 3946 594 4003 ldae.
732 3935 977 4005 tarium
996 3984 1015 4015 ‚
1035 3925 1070 3996 ὲ
1091 3925 1397 3998 Concilio
1414 3922 1644 3996 Pisano
1665 3923 1992 4015 depofitos
2010 3978 2034 4009 ‚
2259 3930 2389 4000 Sed
2410 3952 2493 3998 ex
2510 3931 2709 3998 altera
2734 3943 2916 4018 parte
2952 3919 3332 4010 complures
3353 3917 3454 3984 in.

442 4028 635 4107 ¹’⁴''⁸l·
733 4033 1029 4126 proponi
1079 4049 1201 4120 Per
1249 4023 1447 4096 Italos
1492 4027 1748 4095 curavit
1788 4027 1861 4093 5¹¹
1901 4045 2031 4093 una
2155 4027 2613 4112 veniebantur,
2641 4049 2933 4118 quorum
2956 4019 3117 4092 Dux
3147 4016 3328 4088 fuiffe
3360 4017 3456 4084 di-

736 4132 1282 4219 congregatione
1299 4182 1320 4214 ,
1342 4128 1449 4195 cui
1462 4147 1603 4194 non
1619 4122 2032 4211 interfuerat,

741 4233 1097 4324 expediens
1133 4227 1256 4297 effe
1278 4285 1300 4307 ,
1319 4242 1391 4294 ut
1421 4227 1566 4295 asta
1589 4226 1819 4295 omnia
1844 4219 2035 4292 Con-

741 4337 869 4421 cilij
907 4331 1108 4401 Pisani
1138 4330 1614 4398 confirmentur
1646 4379 1666 4410 ,
1717 4324 1786 4392 dt
1817 4325 2036 4394 media

741 4453 1115 4526 quaerantur
1138 4427 1421 4498 efficacia
1443 4481 1465 4510 ,
1497 4422 1780 4495 Decreta
1811 4427 1948 4514 ejus
1969 4446 2036 4493 e-

738 4552 821 4599 xe
870 4533 1092 4611 uendi,
1111 4529 1180 4597 ἀ
1205 4529 1430 4619 postea
1450 4547 1581 4615 pro
1609 4522 2038 4593 reformatio·

739 4558 1143 4704 neclicclefiae
1170 4624 1524 4696 laboretur.
1601 4622 1767 4693 Haec
1789 4647 2039 4715 propo·

742 4735 887 4803 sitio
927 4785 949 4816 ,
1001 4745 1140 4799 erat
1181 4727 1500 4795 utilissima
1545 4723 1841 4793 Pontifici
1876 4747 1895 4793 t
1962 4724 2042 4792 fic

740 4834 922 4902 enim
942 4831 1325 4901 confirmata
1346 4822 1554 4895 fuiss'et
1581 4826 1715 4914 ejus
1731 4825 1794 4892 di
1801 4825 2043 4914 guitur,

742 4933 936 5004 omni
989 4927 1289 5020 periculo
1337 4926 1521 4993 illam
1564 4924 1910 4993 amittendi
1939 4945 2045 4993 re·

746 5047 941 5101 moto
975 5053 994 5100 ε
1038 5043 1174 5098 erat
1216 5028 1421 5095 etiam
1468 5024 1658 5093 valde
1704 5023 2045 5113 speciosa3

743 5125 901 5202 cum
937 5144 1197 5199 certum
1220 5123 1371 5194 esset
1400 5179 1420 5210 ,
1441 5118 1626 5212 quod
1658 5120 2045 5192 Concilium

745 5230 953 5314 illud,
973 5226 1321 5317 &finguli,
1354 5227 1468 5315 qui
1504 5222 1669 5293 illud
1693 5225 2046 5292 constitue-

745 5328 902 5402 bant
919 5384 938 5412 ,
957 5328 1357 5409 censuerint,
1380 5320 1678 5416 legitime
1709 5325 1779 5391 in
1796 5321 2045 5391 Sancto

748 5429 993 5520 Spiritu
1028 5443 1507 5520 congregatum
1544 5420 1723 5493 fuiss'e
1762 5477 1782 5508 ‚
1814 5422 1886 5491 dt
1920 5422 2050 5491 Ec-

751 5528 1003 5600 cleliam
1050 5523 1496 5595 Universalem
1532 5519 1997 5616 repraesentass'e
2027 5546 2049 5608 3

752 5629 1052 5699 dubitare
1068 5624 1544 5715 consequenter
1559 5646 1699 5693 non
1723 5638 2051 5713 poterant,

750 5733 911 5821 quin
933 5724 1216 5812 joannes
1244 5720 1473 5799 xxm.
1507 5746 1696 5794 verus
1730 5745 1804 5790 ac
1838 5722 2052 5810 legiti-

757 5850 907 5898 mus
922 5822 1068 5894 effet
1086 5824 1393 5893 Pontifex
1419 5879 1439 5906 ,
1460 5824 1523 5890 ὅ(
1544 5847 1670 5915 pro
1690 5823 1837 5905 tali,
1853 5817 1890 5888 a
1909 5835 2050 5890 tota

656 5968 659 5973 ·
756 5926 1238 5999 Christianitale
1282 5923 1729 6014 agnoscendus
1794 5946 1817 6006 3
1871 5914 2049 5987 Chm

756 6032 937 6101 euim
955 6024 1342 6115 Concilium
1376 6024 1537 6092 istud
1554 6021 2055 6092 Constantiense
2182 6028 2341 6094 dem
2372 6040 2555 6093 erant
2570 6024 2881 6113 sententia
2903 6074 2923 6105 ,
2958 6024 3070 6112 qui
3107 6039 3332 6091 tamen
3362 6021 3478 6090 ad-

746 6129 1147 6200 autboritate
1249 6124 1515 6208 loannis
1598 6138 2057 6194 convocatum
2191 6124 2320 6197 huc
2354 6120 2582 6217 aperte
2617 6124 2682 6193 se
2724 6123 3065 6196 declarare
3097 6143 3239 6195 non
3281 6122 3484 6189 aude.

2158 4136 2330 4201 citur
2349 4129 2618 4200 Doctior
2633 4129 2861 4198 Petrus
2884 4127 2966 4194 de
2992 4121 3154 4209 Ailly
3173 4175 3194 4203 ,
3236 4120 3459 4207 postea
3490 4204 3498 4212 .

2162 4227 2528 4300 Cardinalis
2546 4282 2568 4313 ‚
2581 4242 2785 4318 quem
2804 4221 3142 4295 Doctores
3165 4216 3338 4285 Galli
3361 4213 3460 4283 se-

2162 4327 2533 4420 quebantur
2554 4383 2574 4413 ,
2599 4329 2670 4397 ἀ
2700 4320 2948 4418 scripto
2974 4326 3037 4390 in
3062 4320 3217 4388 Con
3224 4335 3462 4406 grega·
3489 4330 3496 4335 ‘

2160 4434 2348 4500 tione
2390 4430 2657 4498 Parrum
2685 4410 3213 4494 demonstrabant
3229 4469 3250 4502 ‚
3265 4410 3463 4507 quod

2166 4528 2554 4598 Concilium
2587 4525 2934 4610 Pisanum,
2966 4523 3145 4610 cujus
3164 4516 3467 4587 authori·-

2164 4647 2263 4700 tas
2293 4632 2360 4696 in
2378 4624 2653 4699 dubium
2669 4625 2892 4695 vocari
2916 4630 3056 4691 non'
3074 4631 3369 4711 poterat,
3390 4614 3462 4685 ‹ae

2169 4723 2565 4799 Constanti?-
2599 4722 3141 4804 continuabatur,
3168 4738 3295 4808 pro
3334 4714 3464 4783 fine

2167 4845 2365 4920 atque
2396 4829 2598 4918 scopo
2626 4824 2924 4895 babuerit
2969 4823 3293 4889 unitatem
3338 4812 3467 4882 Ec-

2169 4926 2594 5017 clefiae‚atque
2614 4929 2900 5017 partium
2915 4921 3254 4989 divitarum
3273 4916 3470 4985 unio·
3497 4912 3502 4921 ’

2171 5050 2331 5099 nem
2350 5081 2371 5109 ‚
2388 5051 2530 5117 quae
2549 5026 2852 5094 'nondum
2867 5022 2960 5091 est
2980 5016 3270 5111 perfecta
3293 5069 3314 5098 ,
3340 5008 3495 5081 ob·'

2172 5126 2444 5219 stringat
2474 5126 2824 5207 PraelatoS,
2856 5123 2924 5190 ὅ(
2957 5119 3163 5211 ipsum
3193 5111 3464 5184 Pontifi-
3493 5118 3500 5129 ‘

2175 5250 2322 5297 cem
2342 5282 2363 5314 ,
2380 5228 2461 5294 ad
2483 5216 3072 5318 procuranda'justa
3100 5217 3322 5286 media
3344 5210 3468 5280 hu-

2175 5332 2275 5422 jus
2291 5326 2634 5397 reunionis
2675 5324 3082 5415 perficiendae
3114 5340 3136 5403 3
3187 5304 3253 5385 ἁ
3283 5311 3468 5403 quod
3499 5330 3502 5335 “

2178 5430 2261 5497 ad
2293 5428 2424 5496 hoc
2443 5448 2585 5495 non
2612 5420 2824 5496 solum
2847 5417 3226 5489 Concilium
3259 5413 3426 5483 istud
3443 5465 3466 5499 ,

2175 5518 2411 5598 verum
2427 5530 2632 5594 etiam
2662 5529 2754 5616 jus
2778 5519 3092 5589 Naturale
3108 5507 3473 5586 Divinum·-

2158 5673 2164 5678 -
2186 5649 2318 5718 que
2334 5623 2593 5713 obliget
2616 5680 2637 5709 ,
2656 5649 2730 5692 ac
2749 5624 3032 5712 denique
3061 5617 3477 5689 contrarium

2176 5725 2626 5811 tenete,aliud
2657 5744 2797 5794 non
2834 5722 3013 5791 foret
3047 5713 3290 5809 ,quam
3317 5714 3476 5807 schi.

2176 5827 2367 5896 smati
2409 5824 2653 5894 favere.
2753 5818 2979 5909 Major
3019 5840 3163 5911 pars
3196 5814 3469 5906 Epist-o·-

2182 5947 2429 6017 porum
2460 5944 2655 6014 atque
2695 5918 3082 5992 Dostorum
3113 5925 3180 5990 in
3210 5918 3327 5986 hac
3365 5944 3473 5988 ea-

3292 6221 3454 6292 bant
3473 6270 3498 6302 ,
