4745 7357
1138 847 1317 972 130

845 1005 1053 1069 Annus
1134 1014 1421 1091 quatuor
1439 992 1654 1070 ferme
1685 990 1933 1071 vicibus
1965 995 2198 1072 citasset
2232 1002 2456 1093 Sym-'

802 1190 810 1197 ·
867 1104 1051 1169 1415·
1133 1098 1582 1185 machum,ad
1600 1104 2170 1191 respondendum,
2206 1106 2428 1173 decri-

1126 1198 1424 1273 minibus
1441 1205 1498 1269 ei
1518 1201 1820 1293 objestis.

1219 1299 1384 1369 Haec
1401 1298 1543 1372 sunt
1564 1358 1583 1391 2
1605 1313 1748 1393 quae
1770 1305 1836 1369 in
1854 1299 2030 1371 caula
2059 1300 2423 1371 Simmachi

1125 1399 1459 1472 Pontificis
1483 1404 1628 1471 acta
1650 1400 1793 1471 sunt
1814 1458 1834 1488 ‚
1854 1425 1998 1491 quae
2016 1402 2122 1470 hic
2137 1404 2423 1470 fideliter

1124 1503 1376 1592 placuit
1408 1499 1653 1571 referre
1673 1557 1695 1587 ‚
1733 1519 1803 1569 ut
1835 1500 2082 1569 Lector
2122 1504 2364 1592 judicet
2393 1555 2418 1586 ‚

1123 1601 1288 1690 quid
1318 1603 1758 1686 emolumenti
1807 1615 2041 1693 capere
2087 1604 2419 1691 potuerit,

1121 1705 1238 1789 qui
1319 1702 1531 1770 literas
1615 1701 1959 1772 circulares
2026 1702 2419 1790 ¹composuit

1124 1801 1415 1894 Concilij
1483 1800 1987 1888 Constantienfis
2045 1856 2065 1887 ‚
2150 1801 2414 1870 causam

1121 1899 1511 1990 Symmachi
1538 1904 2144 1994 commemorando
2181 1925 2201 1985 3
2249 1901 2413 1971 &an

1119 1999 1484 2068 Consilium
1547 2003 1744 2090 Regis
1800 2002 2026 2072 Gallia:
2074 2003 2409 2069 rationem

1116 2099 1358 2171 habere
1378 2108 1667 2192 potuerit
1703 2093 2123 2194 improbandi
2140 2099 2407 2191 proces?-

1113 2200 1253 2269 sum
1287 2220 1518 2271 contra
1549 2205 1876 2289 Joannem
1900 2189 2136 2270 XXIII.
2164 2202 2409 2268 institu-

1118 2316 1264 2368 tum
1287 2357 1308 2387 .,
1343 2296 1609 2393 ejusque
1646 2303 2167 2395 depolitionem‘,
2204 2309 2409 2390 quem

1116 2398 1500 2471 Concilium
1547 2404 1707 2472 illud
1745 2425 1874 2493 pro
1938 2423 2099 2469 vero
2147 2402 2411 2488 semper

1113 2496 1435 2570 Pontifice
1460 2500 1873 2588 agnoscebat.
1971 2499 2143 2570 Nam
2180 2498 2404 2587 exipla

1114 2596 1406 2670 Historia
1468 2599 1846 2694 Symmachi
1876 2656 1898 2686 ‚
1951 2603 2134 2690 cujus
2172 2609 2405 2667 exem-

1113 2703 1307 2792 plum
1335 2705 1401 2769 in
1422 2704 1710 2793 Epistola
1763 2701 2113 2789 Encyclica
2161 2702 2404 2785 allega-

1102 2813 1247 2886 tur,
1267 2802 1608 2902 evidenter
1634 2817 1812 2893 patet
1830 2854 1850 2885 ,
1885 2796 2085 2890 fquod
2107 2799 2401 2867 Concili-

1108 2919 1231 2968 um
1250 2896 1632 2971 Romanum
1655 2903 1722 2970 ὅς
1741 2918 1883 2970 tota
1895 2902 2173 2968 Ecclelia
2194 2900 2399 2968 Galli-

1106 3021 1265 3069 cana
1284 3054 1305 3086 ,
1326 3002 1668 3071 Ennodius
1684 3056 1705 3085 ,
1724 3004 1789 3070 ὅ(
1821 2997 2131 3068 Canones
2158 3004 2224 3069 in
2259 2998 2400 3070 De-

1104 3116 1289 3168 creto
1316 3099 1606 3171 Gratiani
1643 3102 1820 3170 allati
1851 3154 1871 3185 ‚
1919 3100 2050 3189 jam
2087 3101 2344 3189 pridem
2374 3151 2396 3183 ‚

1103 3195 1459 3290 plusquam
1492 3205 1844 3286 nongentis
1868 3201 2049 3267 annis
2070 3194 2257 3268 citiits
2282 3200 2395 3276 de-

1100 3300 1381 3368 ciderint
1403 3354 1424 3385 ,
1468 3298 1655 3390 quod
1671 3299 1784 3368 soli
1806 3295 1995 3368 DEO
2013 3299 2394 3368 reservanda

1096 3397 1169 3468 fit
1183 3402 1478 3485 cognitio
1511 3399 1909 3489 &judicium
1939 3452 1961 3482 ‚
1990 3400 2072 3466 de
2096 3402 2390 3467 crimini-

1091 3494 1215 3565 bus
1236 3545 1256 3578 ,
1292 3519 1431 3588 quae
1462 3497 1880 3568 Pontificibus
1913 3502 2221 3587 imputari
2253 3500 2394 3586 poss

1092 3597 1275 3680 sent3
1328 3598 1396 3665 ἀ
1435 3595 1627 3666 conse
1678 3615 1910 3667 uenter
1934 3595 1969 3665 a
2001 3597 2273 3666 nemine
2306 3599 2390 3666 il-

1093 3702 1198 3768 los
1225 3695 1498 3789 judicari
1531 3623 1748 3788 poii'e,
1789 3696 1896 3766 vel
1929 3700 2173 3789 deponi
2204 3753 2225 3784 ‚
2259 3699 2388 3767 nisi

1092 3798 1401 3867 Haeretici
1421 3797 1618 3868 effent
1652 3817 1673 3875 x
1746 3798 1860 3868 tali
1877 3800 2057 3867 enim
2076 3798 2217 3869 casu
2242 3822 2385 3869 cera·

1088 3914 1237 3969 tum
1260 3900 1374 3982 est,
1393 3899 1541 3968 illos
1559 3902 1692 3988 jam
1714 3921 1853 3970 non
1878 3897 1995 3968 effe
2014 3900 2380 3985 Pontifices.

1089 3997 1415 4089 Qamvis
1464 4014 1685 4066 autem
1726 3997 2093 4090 improbata
2129 3996 2278 4068 effer
2312 4004 2379 4068 in

1085 4095 1295 4165 Gallia
1350 4097 1669 4187 depotitio
1730 4100 2046 4188 judicialis
2106 4099 2379 4183 Joannis

1082 4192 1321 4265 XXIII.
1365 4197 1474 4264 ille
1506 4214 1732 4266 tamen
1781 4201 1929 4289 post
1982 4199 2376 4270 sententiam

1081 4292 1233 4365 licet
1251 4297 1601 4365 invalidam
1616 4351 1637 4382 ‚
1671 4296 1916 4388 scripto
1949 4294 2332 4366 authentico
2349 4355 2371 4387 ‚

1078 4392 1312 4478 suaque
1342 4395 1575 4486 sponte
1595 4452 1615 4483 ‚
1644 4396 1987 4469 cessionem
2024 4397 2114 4466 sui
2144 4398 2374 4466 Ponti-

1078 4494 1299 4566 ficatus
1328 4498 1651 4583 praestitit,
1680 4498 1760 4566 ad
1790 4520 1987 4588 quam
2008 4513 2161 4565 tunc
2184 4499 2311 4588 jam
2335 4495 2372 4567 a

1079 4597 1344 4663 nemine
1390 4594 1747 4685 urgebatur
1794 4617 1812 4661 t
1874 4615 2068 4686 atque
2106 4595 2193 4665 ita
2226 4599 2371 4664 nul-

1077 4693 1217 4762 lum
1244 4692 1575 4785 supererat
1609 4697 1690 4764 de
1754 4719 1914 4787 pace
1957 4697 2245 4764 Eccleliae
2275 4701 2374 4767 vi-

1073 4794 1378 4863 ciniffima
1442 4792 1713 4864 dubium
1758 4822 1780 4876 3
1848 4795 2201 4886 praesertim
2260 4821 2366 4866 ac·

972 4938 979 4945 ›
1074 4896 1349 4962 cedente
1368 4894 1738 4964 voluntaria
1762 4893 2067 4986 Gregorij
2104 4892 2364 4965 abdica-

1069 4995 1257 5064 tione
1282 5049 1303 5080 ,
1341 5018 1484 5085 quae
1525 4997 1791 5064 tandem
1814 4995 1880 5066 in
1909 4994 2167 5063 sellione
2188 4996 2363 5064 deci-

1067 5118 1180 5165 ma
1201 5110 1426 5185 quarta
1462 5096 1567 5164 die
1598 5111 1836 5184 quarto
1875 5096 2018 5187 Julij
2046 5093 2359 5166 solemni-

1064 5210 1168 5264 ter
1185 5194 1452 5284 peraeta
1469 5199 1557 5265 est
1570 5252 1591 5282 .,
1609 5199 1675 5263 in
1696 5197 1873 5265 hunc
1897 5198 2197 5265 modum.

1163 5292 1521 5384 Toparcha
1574 5290 1991 5365 Ariminenfis
2074 5293 2356 5364 Carolus

1153 5397 1402 5466 alatesta
1423 5449 1444 5480 ‚
1467 5395 1792 5484 lingularis
1813 5400 2065 5465 amicus
2083 5450 2102 5478 ,
2126 5394 2192 5463 «Sc
2208 5397 2354 5462 uni-

752 5250 875 5318 Ἀθ.
906 5264 1043 5315 con-

750 5340 838 5404 eil.
860 5342 1024 5423 confi.
1060 5395 1148 5469 M

1059 5520 1170 5568 cus
1192 5494 1501 5585 Gregorij
1521 5496 1879 5566 Protector
1900 5552 1921 5582 ‚
1952 5493 2030 5562 ab
2055 5518 2137 5563 eo
2154 5550 2174 5579 ‚
2196 5516 2353 5564 cum

1056 5597 1280 5668 debita
1319 5597 1789 5687 procuratione
1831 5595 2044 5664 missus
2079 5597 2158 5664 ad
2193 5592 2351 5661 faci-

1061 5701 1303 5770 endam
1337 5698 1468 5786 ejus
1502 5700 1779 5765 nomine
1816 5699 2203 5777 cessionem‚
2246 5714 2351 5762 re-

1011 5860 1018 5868 .
1058 5814 1290 5887 ceptus
1307 5799 1396 5864 est
1416 5794 1781 5865 &Concilio
1814 5819 1970 5866 cum
2006 5796 2192 5862 omni
2216 5790 2346 5859 ho-·

1055 5898 1803 5985 nore&magnificentia
1824 5950 1843 5982 ,
1863 5900 1931 5966 in
1963 5895 2242 5965 solemni
2277 5915 2346 5961 e-

1026 6000 1153 6087 jus
1173 5993 1447 6083 ingressu
1466 6000 1570 6066 die
1588 6000 1853 6068 decimo
1883 5999 2117 6086 quinto
2142 5995 2345 6083 Junij.

1049 6094 1127 6166 ln
1162 6098 1531 6181 audientia,
1568 6122 1768 6186 quam
1817 6099 1875 6165 ei
1908 6094 2175 6188 praebuit
2207 6091 2342 6163 Im-

1044 6210 1313 6286 perator
1339 6248 1362 6280 ,
1406 6195 1881 6287 protestabatur
1912 6252 1933 6285 ,
1965 6200 2033 6268 se
2069 6195 2147 6264 ad
2193 6216 2350 6268 eum

2124 822 2544 957 Hfloria
2589 827 2703 932 de
2723 811 3107 972 Magno

2554 998 2772 1071 solum
2796 995 2828 1066 a
2848 1000 3164 1070 Pontifiee
3204 994 3538 1088 Gregorio
3558 1006 3769 1088 mitti,
3786 1005 3854 1076 dt
3903 1016 4114 1080 Annus

2553 1099 2916 1168 nullatenus
2952 1101 3033 1168 ad
3057 1097 3458 1171 Concilium.
3506 1103 3718 1177 Invifit
3753 1109 3849 1175 ni·
3931 1109 4107 1183 1415·
4152 1181 4160 1190 ,

2550 1195 2909 1268 hilominus
2948 1222 3186 1268 omnes
3240 1216 3526 1292 quatuor
3559 1259 3582 1290 ‚
3645 1229 3846 1278 unam

2546 1303 2693 1390 post
2761 1301 3031 1368 alteram
3067 1353 3086 1383 ‚
3127 1298 3448 1370 Nationes
3476 1358 3495 1388 ‚
3536 1321 3847 1399 tanquam

2548 1401 2941 1468 Conventus
2990 1403 3410 1490 particulares
3440 1458 3462 1488 ‚
3487 1405 3704 1496 eisque
3739 1408 3842 1476 su·
4185 1451 4204 1490 ,-

2544 1521 2656 1568 am
2705 1499 3002 1569 exhibuit
3027 1501 3600 1590 plenipotentiam.
3704 1507 3834 1576 Ce·
3860 1484 3977 1579 ⁴1¹⁸·
3997 1488 4142 1538 α’·

2539 1598 2915 1668 lebrabatur
2946 1597 3201 1668 interea
3215 1598 3383 1669 sessio
3419 1606 3668 1674 decima
3699 1623 3834 1677 ter·
3854 1575 3938 1630 ‘¹¹’
3961 1566 4131 1651 (ἄηθ’

2539 1702 2630 1767 tia
2664 1701 2907 1768 eodem
2965 1701 3074 1767 die
3122 1722 3353 1771 contra
3428 1705 3696 1776 Hussitas
3747 1710 3832 1777 de

2540 1797 3047 1868 Communione
3095 1799 3209 1869 sub
3265 1820 3541 1894 utraque
3592 1808 3826 1896 specie.

2537 1892 2850 1988 Ct'tmque
2868 1898 3086 1967 Patres
3124 1923 3247 1990 pro
3279 1902 3537 1974 sessione
3567 1908 3829 1975 decima

2535 2015 2766 2088 quarta
2818 2019 3380 2088 congregarentur
3443 2007 3549 2074 die
3590 2024 3830 2096 quarto

2533 2100 2683 2182 Julii
2703 2154 2722 2182 ,
2741 2097 3111 2188 Imperator
3144 2100 3593 2193 Imperialibus
3630 2129 3830 2176 orna-

2533 2201 2610 2266 tis
2635 2201 2892 2268 vestitus
2914 2254 2933 2284 ‚
2973 2200 3055 2267 de
3085 2204 3424 2272 ordinario
3448 2205 3566 2274 suo
3598 2205 3825 2276 subsel-

2529 2299 2623 2367 lio
2656 2310 2704 2383 ‚¹
2730 2301 2811 2366 ad
2838 2300 3009 2367 aliud
3048 2301 3376 2372 elevatum
3423 2321 3572 2374 ante
3609 2308 3831 2375 Altare

2527 2395 2852 2483 tranavit,
2882 2401 2949 2467 ὅ(
2991 2403 3061 2468 in
3090 2401 3223 2471 hoc
3264 2401 3462 2486 Coetu
3495 2407 3825 2496 praesedit,

2527 2500 2639 2586 qui
2656 2496 2774 2566 hac
2801 2499 3138 2568 occatione
3161 2524 3300 2571 non
3336 2505 3825 2595 repra-sentabat

2526 2597 2907 2666 Concilium
2943 2622 2960 2667 ε
3020 2600 3089 2669 ὃ(
3131 2601 3491 2671 Cardinalis
3538 2603 3817 2690 Ragusa-

2526 2720 2648 2768 nus
2670 2715 2867 2788 atque
2885 2698 3003 2766 To
3008 2700 3245 2791 parcha
3264 2702 3672 2776 Ariminenfis
3686 2706 3815 2789 *sa-

2523 2818 2591 2867 as
2609 2796 2823 2888 prope
2850 2800 3037 2867 illum
3057 2799 3234 2868 sedes
3269 2803 3656 2873 humiliores
3691 2827 3810 2872 oc-

2521 2896 2869 2987 cuparunt.
2979 2897 3170 2967 Tum
3198 2902 3499 2990 perlectis
3541 2904 3734 2973 Bullis
3766 2902 3804 2975 ”a

2523 2998 2864 3086 Gregorio
2893 2997 3173 3067 Arimini
3191 3003 3295 3070 die
3317 3002 3588 3072 decimo
3610 3007 3809 3073 tertio

2518 3089 2750 3188 Martij
2795 3098 3017 3181 editis,
3063 3096 3399 3169 Dominus
3437 3102 3718 3173 Arimini
3747 3106 3813 3174 vi

2516 3197 2643 3266 suae
2704 3199 3037 3288 potestatis
3066 3251 3086 3280 ,
3134 3221 3333 3286 quam
3392 3205 3451 3269 ei
3478 3205 3808 3292 praedicstae

2515 3297 2710 3366 Bulla:
2738 3293 3209 3383 conferebant,
3265 3302 3587 3371 commitit
3637 3301 3801 3373 loco

2509 3396 2602 3465 sui
2643 3396 2977 3465 Cardinali
3008 3393 3398 3485 Ragusan0‚
3444 3418 3517 3470 ut
3553 3399 3803 3491 scripto

2513 3498 2870 3566 declararet
2891 3497 3169 3563 nomine
3190 3497 3514 3568 Pontificis
3542 3499 3805 3589 Grego-

2507 3600 2584 3688 rij
2608 3652 2628 3683 ,
2662 3591 2848 3686 quod
2882 3617 3007 3687 pro
3044 3616 3206 3685 pace
3233 3598 3526 3668 Ecclesrae
3556 3617 3803 3691 procu-

2506 3698 2707 3767 randa
2737 3750 2764 3782 .‚
2818 3690 3146 3787 approbet
3191 3696 3325 3767 hoc
3366 3697 3797 3786 Concilium,

2503 3816 2814 3888 tanquam
2842 3794 3108 3864 Coetum
3125 3793 3204 3862 ab
3238 3800 3651 3888 Imperatore
3673 3856 3695 3883 ‚
3731 3804 3802 3873 ὅ(

2504 3920 2644 3967 non
2692 3901 2722 3977 a,
2757 3893 3012 3980 Joanne
3053 3893 3281 3965 XXIII.
3314 3919 3750 3970 convocatum
3776 3956 3801 3986 ,

2500 3991 2792 4086 illudque
2854 3996 3222 4062 confirmet.
3329 3997 3633 4089 Desuper
3663 4001 3802 4069 Im-

2497 4112 2768 4189 perator
2782 4094 2964 4163 suum
2994 4095 3387 4165 consuetum
3416 4099 3638 4168 locum
3674 4121 3798 4167 oc-

2500 4200 2762 4286 cupavit
2777 4243 2792 4271 ,
2831 4189 3257 4284 prioremque
3277 4194 3602 4268 cardinali
3627 4199 3798 4267 Osti-

2499 4300 2680 4383 enli,
2707 4299 2816 4385 qui
2857 4294 3170 4362 Concilio
3196 4295 3606 4384 praefidebat,
3640 4304 3795 4370 reli-

2497 4399 2668 4486 quit,
2694 4393 2943 4464 &semo
2965 4390 3000 4461 a
3020 4393 3216 4461 solitis
3242 4391 3671 4490 Caeremonijs
3690 4402 3791 4471 in.

2496 4497 2729 4564 choata
2779 4496 2884 4563 est.
2979 4491 3225 4561 Omnia
3263 4549 3284 4579 ‚
3330 4520 3472 4586 quae
3503 4497 3610 4567 lu'c
3649 4501 3792 4570 aaa

2492 4595 2798 4679 fuerunt,
2817 4592 3251 4663 solummodo
3275 4615 3496 4680 erant,
3521 4617 3592 4668 ut
3613 4604 3793 4691 quid·

2490 4699 2668 4786 piam
2689 4692 2873 4762 bono
2895 4690 3057 4760 Viro
3090 4690 3426 4784 Gregorio
3447 4699 3785 4771 diffimula.

2488 4807 2709 4880 retur,
2744 4789 3279 4861 &obedientiam
3327 4800 3459 4887 ejus
3496 4803 3789 4871 colenti.

2486 4893 2605 4964 bus
2640 4949 2660 4980 ,
2709 4896 2930 4961 unicus
2988 4892 3332 4963 tolleretur
3392 4917 3781 4988 praetextus,

2484 5017 2682 5083 quem
2716 4990 2950 5062 habere
2985 5008 3291 5080 poterant
3322 5049 3343 5079 ‚
3380 5020 3522 5068 non
3563 5023 3774 5089 agno.

2478 5094 2694 5163 scendi
2727 5094 3100 5180 legitimum
3132 5088 3534 5167 Concilium.
3635 5101 3772 5189 Ap·

2480 5191 2788 5290 probatio
2833 5191 3143 5280 Gregorii
3173 5208 3406 5284 utpote
3437 5196 3764 5265 Pontificis

2478 5294 2613 5384 iam
2643 5293 2953 5381 depositi,
2993 5291 3060 5358 ὅ(
3083 5288 3306 5361 saltem
3337 5295 3513 5386 dubij
3547 5349 3566 5379 ‚
3611 5295 3763 5365 ficut

2477 5393 2732 5462 nullum
2750 5390 3061 5459 Concilio
3083 5413 3333 5460 novum
3363 5398 3462 5483 jus
3500 5392 3763 5464 confer-

2474 5515 2587 5577 re,
2609 5489 2694 5561 ita
2714 5491 2874 5560 nihil
2902 5486 3113 5557 obess'e
3146 5508 3409 5580 poterat
3446 5517 3464 5561 ε
3510 5495 3768 5582 profuit

2474 5583 2902 5662 nihilominus
2931 5586 3151 5680 postea
3173 5644 3192 5673 ,
3221 5588 3404 5679 quod
3433 5595 3763 5665 adhaeren·

2470 5708 2567 5760 tes
2588 5688 2922 5782 Gregorio
2943 5745 2964 5775 ‚
2999 5692 3080 5758 de
3111 5687 3422 5760 Concilio
3454 5695 3760 5783 legitimo

2471 5789 2808 5881 ambigere
2831 5791 3265 5878 nequiverint.

2562 5892 2705 5959 Hac
2727 5893 2942 5982 prima
2963 5888 3228 5956 afflone
3265 5891 3524 5979 peradla
3546 5947 3566 5977 ,
3600 5916 3758 5982 pro-

2468 5994 2733 6060 curatio
2789 5988 3215 6058 Ariminenlis
3255 5988 3536 6060 Domini
3583 5992 3754 6060 lecta

2467 6095 2554 6159 est
2595 6112 2613 6157 t
2681 6093 2789 6179 qui
2815 6089 3157 6179 proposuit
3182 6114 3305 6173 ,an
3328 6095 3755 6181 nonexpedi-

2463 6207 2566 6261 ret
2589 6245 2609 6274 ,
2632 6191 3197 6263 renuntiationem
3231 6190 3488 6263 differre
3524 6192 3756 6279 usque-

3609 6292 3768 6359 dum
